@article{Maier:2015:J.Chem.TheoryComput.,
    author = "Maier, James A. and Martinez, Carmenza and Kasavajhala, Koushik and Wickstrom, Lauren and Hauser, Kevin E. and Simmerling, Carlos",
    title = "ff14SB: Improving the Accuracy of Protein Side Chain and Backbone Parameters from ff99SB",
    volume = "11",
    issn = "1549-9618",
    shorttitle = "{ff14SB}",
    url = "https://doi.org/10.1021/acs.jctc.5b00255",
    doi = "10.1021/acs.jctc.5b00255",
    number = "8",
    urldate = "2018-02-09",
    journal = "Journal of Chemical Theory and Computation",
    month = "August",
    year = "2015",
    pages = "3696--3713"
}

@article{borthakur2024determining,
    author = "Borthakur, Kaushik and Sisk, Thomas R. and Panei, Francesco P. and Bonomi, Massimiliano and Robustelli, Paul",
    title = "Determining accurate conformational ensembles of intrinsically disordered proteins at atomic resolution",
    journal = "bioRxiv",
    year = "2024",
    url = "https://doi.org/10.1101/2024.10.04.616700",
    doi = "10.1101/2024.10.04.616700"
}

@article{dauber-osguthorpe_biomolecular_2019,
    author = "Dauber-Osguthorpe, Pnina and Hagler, A. T.",
    title = "Biomolecular force fields: where have we been, where are we now, where do we need to go and how do we get there?",
    volume = "33",
    issn = "0920-654X",
    shorttitle = "Biomolecular force fields",
    url = "https://doi.org/10.1007/s10822-018-0111-4",
    doi = "10.1007/s10822-018-0111-4",
    language = "en",
    number = "2",
    urldate = "2019-03-11",
    journal = "Journal of Computer-Aided Molecular Design",
    month = "February",
    year = "2019",
    keywords = "OPLS, AMOEBA, Electrostatics, Free energy, van der Waals, AMBER, Molecular dynamics, GAFF, CFF, Charge flux, Combination rules, Consistent force field, Coupling terms, Cross terms, Molecular mechanics, Molecular simulation, Multipole moments, Nonbond flux, Nonbond interactions, Polarizability, Polarizability flux, Potential functions, Protein simulation, QDF, Quantum derivative fitting, SDFF, VFF, Charmm, Force fields: force field derivation, Hydrogen bond: drug discovery",
    pages = "133--203"
}

@article{Hornak:2006:Proteins,
    author = "Hornak, Viktor and Abel, Robert and Okur, Asim and Strockbine, Bentley and Roitberg, Adrian and Simmerling, Carlos",
    title = "Comparison of multiple Amber force fields and development of improved protein backbone parameters",
    volume = "65",
    issn = "0887-3585",
    url = "https://doi.org/10.1002/prot.21123",
    doi = "10.1002/prot.21123",
    language = "en",
    number = "3",
    urldate = "2018-02-09",
    journal = "Proteins: Structure, Function, and Bioinformatics",
    month = "November",
    year = "2006",
    keywords = "molecular dynamics, molecular mechanics, decoy analysis, dihedral parameters, NMR order parameters, trialanine, α-helix",
    pages = "712--725"
}

@article{wang_identifying_2013,
    author = "Wang, Kai and Chodera, John D. and Yang, Yanzhi and Shirts, Michael R.",
    title = "Identifying ligand binding sites and poses using GPU-accelerated Hamiltonian replica exchange molecular dynamics",
    volume = "27",
    issn = "0920-654X",
    url = "https://doi.org/10.1007/s10822-013-9689-8",
    doi = "10.1007/s10822-013-9689-8",
    language = "en",
    number = "12",
    urldate = "2022-04-05",
    journal = "Journal of Computer-Aided Molecular Design",
    month = "December",
    year = "2013",
    keywords = "Ligand binding, Binding mode prediction, Binding site identification, Free energy calculation, GPU-accelerated molecular dynamics, Hamiltonian replica exchange",
    pages = "989--1007"
}

@article{zhu_recent_2012,
    author = "Zhu, Xiao and Lopes, Pedro E. M. and MacKerell, Alexander D.",
    title = "Recent developments and applications of the CHARMM force fields",
    volume = "2",
    issn = "1759-0876",
    url = "https://doi.org/10.1002/wcms.74",
    doi = "10.1002/wcms.74",
    language = "en",
    number = "1",
    urldate = "2023-03-01",
    journal = "WIREs Computational Molecular Science",
    year = "2012",
    pages = "167--185"
}

@incollection{ponder_force_2003,
    author = "Ponder, Jay W. and Case, David A.",
    series = "Protein {Simulations}",
    title = "Force {Fields} for {Protein} {Simulations}",
    volume = "66",
    url = "https://www.sciencedirect.com/science/article/pii/S006532330366002X",
    language = "en",
    urldate = "2023-03-01",
    booktitle = "Advances in {Protein} {Chemistry}",
    publisher = "Academic Press",
    month = "January",
    year = "2003",
    doi = "10.1016/S0065-3233(03)66002-X",
    pages = "27--85"
}

@inproceedings{lifson_recent_1973,
    author = "Lifson, Shneior",
    editor = "Sadron, Charles",
    address = "Dordrecht",
    title = "Recent {Developments} in the {Consistent} {Force} {Field} {Calculations}",
    isbn = "978-94-010-2579-9",
    doi = "10.1007/978-94-010-2579-9\_28",
    language = "en",
    booktitle = "Dynamic {Aspects} of {Conformation} {Changes} in {Biological} {Macromolecules}",
    publisher = "Springer Netherlands",
    year = "1973",
    keywords = "Elementary Function, Empirical Method, Equilibrium Conformation, Force Constant, Nonbonded Interaction",
    pages = "421--429"
}

@article{kryshtafovych_critical_2021,
    author = "Kryshtafovych, Andriy and Schwede, Torsten and Topf, Maya and Fidelis, Krzysztof and Moult, John",
    title = "Critical assessment of methods of protein structure prediction (CASP)—Round XIV",
    volume = "89",
    issn = "0887-3585",
    url = "https://doi.org/10.1002/prot.26237",
    doi = "10.1002/prot.26237",
    language = "en",
    number = "12",
    urldate = "2023-03-01",
    journal = "Proteins: Structure, Function, and Bioinformatics",
    year = "2021",
    keywords = "protein folding, Alphafold, CASP, community wide experiment, protein structure prediction",
    pages = "1607--1617"
}

@article{jumper_highly_2021,
    author = "Jumper, John and Evans, Richard and Pritzel, Alexander and Green, Tim and Figurnov, Michael and Ronneberger, Olaf and Tunyasuvunakool, Kathryn and Bates, Russ and Žídek, Augustin and Potapenko, Anna and Bridgland, Alex and Meyer, Clemens and Kohl, Simon A. A. and Ballard, Andrew J. and Cowie, Andrew and Romera-Paredes, Bernardino and Nikolov, Stanislav and Jain, Rishub and Adler, Jonas and Back, Trevor and Petersen, Stig and Reiman, David and Clancy, Ellen and Zielinski, Michal and Steinegger, Martin and Pacholska, Michalina and Berghammer, Tamas and Bodenstein, Sebastian and Silver, David and Vinyals, Oriol and Senior, Andrew W. and Kavukcuoglu, Koray and Kohli, Pushmeet and Hassabis, Demis",
    title = "Highly accurate protein structure prediction with AlphaFold",
    volume = "596",
    copyright = "2021 The Author(s)",
    issn = "0028-0836",
    url = "https://doi.org/10.1038/s41586-021-03819-2",
    doi = "10.1038/s41586-021-03819-2",
    language = "en",
    number = "7873",
    urldate = "2023-03-01",
    journal = "Nature",
    month = "August",
    year = "2021",
    keywords = "Machine learning, Protein structure predictions, Computational biophysics, Structural biology",
    pages = "583--589"
}

@incollection{rohl_protein_2004,
    author = "Rohl, Carol A. and Strauss, Charlie E. M. and Misura, Kira M. S. and Baker, David",
    series = "Numerical {Computer} {Methods}, {Part} {D}",
    title = "Protein {Structure} {Prediction} {Using} {Rosetta}",
    volume = "383",
    url = "https://www.sciencedirect.com/science/article/pii/S0076687904830040",
    language = "en",
    urldate = "2023-03-01",
    booktitle = "Methods in {Enzymology}",
    publisher = "Academic Press",
    month = "January",
    year = "2004",
    doi = "10.1016/S0076-6879(04)83004-0",
    pages = "66--93"
}

@article{ssaglam_proteinprotein_2019,
    author = "Saglam, Ali S. and Chong, Lillian T.",
    title = "Protein–protein binding pathways and calculations of rate constants using fully-continuous, explicit-solvent simulations",
    volume = "10",
    url = "https://doi.org/10.1039/c8sc04811h",
    doi = "10.1039/c8sc04811h",
    language = "en",
    number = "8",
    urldate = "2023-03-01",
    journal = "Chemical Science",
    year = "2019",
    pages = "2360--2372",
    issn = "2041-6520"
}

@article{gilson_calculation_2007,
    author = "Gilson, Michael K. and Zhou, Huan-Xiang",
    title = "Calculation of Protein-Ligand Binding Affinities",
    volume = "36",
    url = "https://doi.org/10.1146/annurev.biophys.36.040306.132550",
    doi = "10.1146/annurev.biophys.36.040306.132550",
    number = "1",
    urldate = "2023-03-01",
    journal = "Annual Review of Biophysics and Biomolecular Structure",
    year = "2007",
    pmid = "17201676",
    keywords = "free energy, computation, drug-design, entropy, modeling",
    pages = "21--42",
    issn = "1056-8700"
}

@article{reif_net_2014,
    author = "Reif, Maria M. and Oostenbrink, Chris",
    title = "Net charge changes in the calculation of relative ligand-binding free energies via classical atomistic molecular dynamics simulation",
    volume = "35",
    issn = "0192-8651",
    url = "https://doi.org/10.1002/jcc.23490",
    doi = "10.1002/jcc.23490",
    language = "en",
    number = "3",
    urldate = "2023-03-01",
    journal = "Journal of Computational Chemistry",
    year = "2014",
    keywords = "molecular dynamics, computer simulation, charging free energies, electrostatic artifacts, free-energy calculations",
    pages = "227--243"
}

@article{anandakrishnan_speed_2015,
    author = "Anandakrishnan, Ramu and Drozdetski, Aleksander and Walker, Ross C. and Onufriev, Alexey V.",
    title = "Speed of Conformational Change: Comparing Explicit and Implicit Solvent Molecular Dynamics Simulations",
    volume = "108",
    issn = "0006-3495",
    shorttitle = "Speed of {Conformational} {Change}",
    url = "https://doi.org/10.1016/j.bpj.2014.12.047",
    doi = "10.1016/j.bpj.2014.12.047",
    language = "en",
    number = "5",
    urldate = "2023-03-01",
    journal = "Biophysical Journal",
    month = "March",
    year = "2015",
    pages = "1153--1164"
}

@article{grant_large_2010,
    author = "Grant, Barry J and Gorfe, Alemayehu A and McCammon, J Andrew",
    series = "Theory and simulation / {Macromolecular} assemblages",
    title = "Large conformational changes in proteins: signaling and other functions",
    volume = "20",
    issn = "0959-440X",
    shorttitle = "Large conformational changes in proteins",
    url = "https://doi.org/10.1016/j.sbi.2009.12.004",
    doi = "10.1016/j.sbi.2009.12.004",
    language = "en",
    number = "2",
    urldate = "2023-03-01",
    journal = "Current Opinion in Structural Biology",
    month = "April",
    year = "2010",
    pages = "142--147"
}

@article{darden_particle_1993,
    author = "Darden, Tom and York, Darrin and Pedersen, Lee",
    title = "Particle mesh Ewald: An N log(N) method for Ewald sums in large systems",
    volume = "98",
    issn = "0021-9606",
    shorttitle = "Particle mesh {Ewald}",
    url = "https://doi.org/10.1063/1.464397",
    doi = "10.1063/1.464397",
    number = "12",
    urldate = "2023-03-01",
    journal = "The Journal of Chemical Physics",
    month = "June",
    year = "1993",
    pages = "10089--10092"
}

@article{stone_accelerating_2007,
    author = "Stone, John E. and Phillips, James C. and Freddolino, Lydia and Hardy, David J. and Trabuco, Leonardo G. and Schulten, Klaus",
    title = "Accelerating molecular modeling applications with graphics processors",
    volume = "28",
    issn = "0192-8651",
    url = "https://doi.org/10.1002/jcc.20829",
    doi = "10.1002/jcc.20829",
    language = "en",
    number = "16",
    urldate = "2023-03-01",
    journal = "Journal of Computational Chemistry",
    year = "2007",
    keywords = "electrostatic potential, molecular dynamics, parallel computing, molecular modeling, CUDA, GPU computing, graphics processing unit, ion placement, multilevel summation, multithreading",
    pages = "2618--2640"
}

@article{levitt_accurate_1988,
    author = "Levitt, M and Sharon, R",
    title = "Accurate simulation of protein dynamics in solution.",
    volume = "85",
    url = "https://doi.org/10.1073/pnas.85.20.7557",
    doi = "10.1073/pnas.85.20.7557",
    number = "20",
    urldate = "2023-03-01",
    journal = "Proceedings of the National Academy of Sciences",
    month = "October",
    year = "1988",
    pages = "7557--7561",
    issn = "0027-8424"
}

@article{case_dynamics_1979,
    author = "Case, D.A. and Karplus, M.",
    title = "Dynamics of ligand binding to heme proteins",
    volume = "132",
    issn = "0022-2836",
    url = "https://doi.org/10.1016/0022-2836(79)90265-1",
    doi = "10.1016/0022-2836(79)90265-1",
    language = "en",
    number = "3",
    urldate = "2023-03-01",
    journal = "Journal of Molecular Biology",
    month = "August",
    year = "1979",
    pages = "343--368"
}

@article{lindorff-larsen_how_2011,
    author = "Lindorff-Larsen, Kresten and Piana, Stefano and Dror, Ron O. and Shaw, David E.",
    title = "How Fast-Folding Proteins Fold",
    volume = "334",
    url = "https://doi.org/10.1126/science.1208351",
    doi = "10.1126/science.1208351",
    number = "6055",
    urldate = "2023-03-01",
    journal = "Science",
    month = "October",
    year = "2011",
    pages = "517--520",
    issn = "0036-8075"
}

@article{shaw_atomic-level_2010,
    author = "Shaw, David E. and Maragakis, Paul and Lindorff-Larsen, Kresten and Piana, Stefano and Dror, Ron O. and Eastwood, Michael P. and Bank, Joseph A. and Jumper, John M. and Salmon, John K. and Shan, Yibing and Wriggers, Willy",
    title = "Atomic-Level Characterization of the Structural Dynamics of Proteins",
    volume = "330",
    url = "https://doi.org/10.1126/science.1187409",
    doi = "10.1126/science.1187409",
    number = "6002",
    urldate = "2023-03-01",
    journal = "Science",
    month = "October",
    year = "2010",
    pages = "341--346",
    issn = "0036-8075"
}

@book{frenkel_understanding_2001,
    author = "Frenkel, Daan and Smit, Berend",
    title = "Understanding {Molecular} {Simulation}: {From} {Algorithms} to {Applications}",
    isbn = "978-0-08-051998-2",
    shorttitle = "Understanding {Molecular} {Simulation}",
    language = "en",
    publisher = "Elsevier",
    url = "https://doi.org/10.1016/B978-0-12-267351-1.X5000-7",
    doi = "10.1016/B978-0-12-267351-1.X5000-7",
    month = "October",
    year = "2001",
    keywords = "Science / Physics / Mathematical \\& Computational, Computers / Design, Graphics \\& Media / Graphics Tools, Science / Physics / Atomic \\& Molecular, Technology \\& Engineering / Materials Science / General"
}

@article{smith_structure_1993,
    author = "Smith, Lorna J. and Sutcliffe, Michael J. and Redfield, Christina and Dobson, Christopher M.",
    title = "Structure of Hen Lysozyme in Solution",
    volume = "229",
    issn = "0022-2836",
    url = "https://doi.org/10.1006/jmbi.1993.1097",
    doi = "10.1006/jmbi.1993.1097",
    language = "en",
    number = "4",
    urldate = "2023-03-01",
    journal = "Journal of Molecular Biology",
    month = "February",
    year = "1993",
    keywords = "enzyme, lysozyme, nuclear magnetic resonance spectroscopy, nuclear Overhauser effect, protein structure",
    pages = "930--944"
}

@article{peter_calculation_2001,
    author = "Peter, Christine and Daura, Xavier and van Gunsteren, Wilfred F.",
    title = "Calculation of NMR-relaxation parameters for flexible molecules from molecular dynamics simulations",
    volume = "20",
    issn = "0925-2738",
    url = "https://doi.org/10.1023/a:1011241030461",
    doi = "10.1023/a:1011241030461",
    language = "en",
    number = "4",
    urldate = "2023-03-01",
    journal = "Journal of Biomolecular NMR",
    month = "August",
    year = "2001",
    keywords = "molecular dynamics simulation, internal dynamics, NMR relaxation, NOESY, peptides, relaxation matrix, ROESY, spectral density functions",
    pages = "297--310"
}

@article{villa_how_2007,
    author = "Villa, Alessandra and Fan, Hao and Wassenaar, Tsjerk and Mark, Alan E.",
    title = "How Sensitive Are Nanosecond Molecular Dynamics Simulations of Proteins to Changes in the Force Field?",
    volume = "111",
    issn = "1520-6106",
    url = "https://doi.org/10.1021/jp068580v",
    doi = "10.1021/jp068580v",
    number = "21",
    urldate = "2023-03-01",
    journal = "The Journal of Physical Chemistry B",
    month = "May",
    year = "2007",
    pages = "6015--6025"
}

@article{wassenaar_effect_2006,
    author = "Wassenaar, Tsjerk A. and Mark, Alan E.",
    title = "The effect of box shape on the dynamic properties of proteins simulated under periodic boundary conditions",
    volume = "27",
    issn = "0192-8651",
    url = "https://doi.org/10.1002/jcc.20341",
    doi = "10.1002/jcc.20341",
    language = "en",
    number = "3",
    urldate = "2023-03-01",
    journal = "Journal of Computational Chemistry",
    year = "2006",
    keywords = "molecular dynamics, simulation, MANOVA, near-densest lattice packing, periodic boundary conditions",
    pages = "316--325"
}

@article{grossfield_best_2019,
    author = "Grossfield, Alan and Patrone, Paul N. and Roe, Daniel R. and Schultz, Andrew J. and Siderius, Daniel and Zuckerman, Daniel M.",
    title = "Best Practices for Quantification of Uncertainty and Sampling Quality in Molecular Simulations [Article v1.0]",
    volume = "1",
    copyright = "Copyright (c) 2018",
    issn = "2575-6524",
    url = "https://doi.org/10.33011/livecoms.1.1.5067",
    doi = "10.33011/livecoms.1.1.5067",
    language = "en",
    number = "1",
    urldate = "2023-03-01",
    journal = "Living Journal of Computational Molecular Science",
    year = "2019",
    keywords = "molecular simulation",
    pages = "5067--5067"
}

@article{van_gunsteren_validation_2018,
    author = "van Gunsteren, Wilfred F. and Daura, Xavier and Hansen, Niels and Mark, Alan E. and Oostenbrink, Chris and Riniker, Sereina and Smith, Lorna J.",
    title = "Validation of Molecular Simulation: An Overview of Issues",
    volume = "57",
    issn = "1433-7851",
    shorttitle = "Validation of {Molecular} {Simulation}",
    url = "https://doi.org/10.1002/anie.201702945",
    doi = "10.1002/anie.201702945",
    language = "en",
    number = "4",
    urldate = "2023-03-01",
    journal = "Angewandte Chemie International Edition",
    year = "2018",
    keywords = "Monte Carlo simulation, molecular dynamics simulation, computer chemistry, experimental data, pseudo-validation",
    pages = "884--902"
}

@article{wall_three-dimensional_1997,
    author = "Wall, Michael E. and Ealick, Steven E. and Gruner, Sol M.",
    title = "Three-dimensional diffuse x-ray scattering from crystals of Staphylococcal nuclease",
    volume = "94",
    url = "https://doi.org/10.1073/pnas.94.12.6180",
    doi = "10.1073/pnas.94.12.6180",
    number = "12",
    urldate = "2023-03-01",
    journal = "Proceedings of the National Academy of Sciences",
    month = "June",
    year = "1997",
    pages = "6180--6184",
    issn = "0027-8424"
}

@article{lexa_full_2011,
    author = "Lexa, Katrina W. and Carlson, Heather A.",
    title = "Full Protein Flexibility Is Essential for Proper Hot-Spot Mapping",
    volume = "133",
    issn = "0002-7863",
    url = "https://doi.org/10.1021/ja1079332",
    doi = "10.1021/ja1079332",
    number = "2",
    urldate = "2023-03-01",
    journal = "Journal of the American Chemical Society",
    month = "January",
    year = "2011",
    pages = "200--202"
}

@article{blakeley_15-k_2004,
    author = "Blakeley, M.P. and Kalb-Gilboa, A.J. and Helliwell, J.R. and Myles, D.A.A.",
    title = "The 15k neutron structure of saccharide-free concanavalin A",
    volume = "101",
    url = "https://doi.org/10.2210/pdb1xqn/pdb",
    doi = "10.2210/pdb1xqn/pdb",
    number = "47",
    urldate = "2023-03-01",
    journal = "Proceedings of the National Academy of Sciences",
    month = "November",
    year = "2004",
    pages = "16405--16410"
}

@article{ashkar_neutron_2018,
    author = "Ashkar, Rana and Bilheux, Hassina Z. and Bordallo, Heliosa and Briber, Robert and Callaway, David J. E. and Cheng, Xiaolin and Chu, Xiang-Qiang and Curtis, Joseph E. and Dadmun, Mark and Fenimore, Paul and Fushman, David and Gabel, Frank and Gupta, Kushol and Herberle, Frederick and Heinrich, Frank and Hong, Liang and Katsaras, John and Kelman, Zvi and Kharlampieva, Eugenia and Kneller, Gerald R. and Kovalevsky, Andrey and Krueger, Susan and Langan, Paul and Lieberman, Raquel and Liu, Yun and Losche, Mathias and Lyman, Edward and Mao, Yimin and Marino, John and Mattos, Carla and Meilleur, Flora and Moody, Peter and Nickels, Jonathan D. and O'Dell, William B. and O'Neill, Hugh and Perez-Salas, Ursula and Peters, Judith and Petridis, Loukas and Sokolov, Alexei P. and Stanley, Christopher and Wagner, Norman and Weinrich, Michael and Weiss, Kevin and Wymore, Troy and Zhang, Yang and Smith, Jeremy C.",
    title = "Neutron scattering in the biological sciences: progress and prospects",
    volume = "74",
    copyright = "Copyright (c) 2018 International Union of Crystallography",
    issn = "2059-7983",
    shorttitle = "Neutron scattering in the biological sciences",
    url = "https://doi.org/10.1107/s2059798318017503",
    doi = "10.1107/s2059798318017503",
    language = "en",
    number = "12",
    urldate = "2023-03-01",
    journal = "Acta Crystallographica Section D Structural Biology",
    month = "December",
    year = "2018",
    pages = "1129--1168"
}

@article{blakeley_neutron_2009,
    author = "Blakeley, M.P.",
    title = "Neutron macromolecular crystallography",
    volume = "15",
    issn = "0889-311X",
    url = "https://doi.org/10.1080/08893110902965003",
    doi = "10.1080/08893110902965003",
    number = "3",
    urldate = "2023-03-01",
    journal = "Crystallography Reviews",
    month = "July",
    year = "2009",
    keywords = "protein, hydrogen, nucleic acid, bound solvent, deuterium, deuteron, joint X-ray and neutron refinement, macromolecule, neutron image plate, perdeuteration, proton, protonation-state, quasi-Laue, reactor source, single crystal, spallation source, time-of-flight Laue",
    pages = "157--218"
}

@article{chen_direct_2012,
    author = "Chen, Julian C.-H. and Hanson, B. Leif and Fisher, S. Zoë and Langan, Paul and Kovalevsky, Andrey Y.",
    title = "Direct observation of hydrogen atom dynamics and interactions by ultrahigh resolution neutron protein crystallography",
    volume = "109",
    url = "https://doi.org/10.1073/pnas.1208341109",
    doi = "10.1073/pnas.1208341109",
    number = "38",
    urldate = "2023-03-01",
    journal = "Proceedings of the National Academy of Sciences",
    month = "September",
    year = "2012",
    pages = "15301--15306",
    issn = "0027-8424"
}

@article{nakamura_newtons_2015,
    author = "Nakamura, Akihiko and Ishida, Takuya and Kusaka, Katsuhiro and Yamada, Taro and Fushinobu, Shinya and Tanaka, Ichiro and Kaneko, Satoshi and Ohta, Kazunori and Tanaka, Hiroaki and Inaka, Koji and Higuchi, Yoshiki and Niimura, Nobuo and Samejima, Masahiro and Igarashi, Kiyohiko",
    title = "“{Newton}’s cradle” proton relay with amide–imidic acid tautomerization in inverting cellulase visualized by neutron crystallography",
    volume = "1",
    url = "https://doi.org/10.1126/sciadv.1500263",
    doi = "10.1126/sciadv.1500263",
    number = "7",
    urldate = "2023-03-01",
    journal = "Science Advances",
    month = "August",
    year = "2015",
    pages = "e1500263"
}

@article{choy_conformational_2017,
    author = "Choy, Meng S. and Li, Yang and Machado, Luciana E.S.F. and Kunze, Micha B.A. and Connors, Christopher R. and Wei, Xingyu and Lindorff-Larsen, Kresten and Page, Rebecca and Peti, Wolfgang",
    title = "Conformational Rigidity and Protein Dynamics at Distinct Timescales Regulate PTP1B Activity and Allostery",
    volume = "65",
    issn = "1097-2765",
    url = "https://doi.org/10.1016/j.molcel.2017.01.014",
    doi = "10.1016/j.molcel.2017.01.014",
    language = "English",
    number = "4",
    urldate = "2023-03-01",
    journal = "Molecular Cell",
    month = "February",
    year = "2017",
    pmid = "28212750",
    keywords = "allostery, protein dynamics, enzyme, fast and intermediate timescale dynamics, NMR spectroscopy, protein tyrosine phosphatase, PTP1B, X-ray crystallography",
    pages = "644--658.e5"
}

@article{whittier_conformational_2013,
    author = "Whittier, Sean K. and Hengge, Alvan C. and Loria, J. Patrick",
    title = "Conformational Motions Regulate Phosphoryl Transfer in Related Protein Tyrosine Phosphatases",
    volume = "341",
    url = "https://doi.org/10.1126/science.1241735",
    doi = "10.1126/science.1241735",
    number = "6148",
    urldate = "2023-03-01",
    journal = "Science",
    month = "August",
    year = "2013",
    pages = "899--903",
    issn = "0036-8075"
}

@article{wiesmann_allosteric_2004,
    author = "Wiesmann, Christian and Barr, Kenneth J and Kung, Jenny and Zhu, Jiang and Erlanson, Daniel A and Shen, Wang and Fahr, Bruce J and Zhong, Min and Taylor, Lisa and Randal, Mike and McDowell, Robert S and Hansen, Stig K",
    title = "Allosteric inhibition of protein tyrosine phosphatase 1B",
    volume = "11",
    copyright = "2004 Nature Publishing Group",
    issn = "1545-9993",
    url = "https://doi.org/10.1038/nsmb803",
    doi = "10.1038/nsmb803",
    language = "en",
    number = "8",
    urldate = "2023-03-01",
    journal = "Nature Structural \& Molecular Biology",
    month = "August",
    year = "2004",
    keywords = "Biochemistry, Biological Microscopy, general, Life Sciences, Membrane Biology, Protein Structure",
    pages = "730--737"
}

@article{keedy_expanded_2018,
    author = "Keedy, Daniel A and Hill, Zachary B and Biel, Justin T and Kang, Emily and Rettenmaier, T Justin and Brandão-Neto, José and Pearce, Nicholas M and von Delft, Frank and Wells, James A and Fraser, James S",
    title = "An expanded allosteric network in PTP1B by multitemperature crystallography, fragment screening, and covalent tethering",
    volume = "7",
    issn = "2050-084X",
    url = "https://doi.org/10.7554/elife.36307",
    doi = "10.7554/elife.36307",
    urldate = "2023-03-01",
    journal = "eLife",
    month = "June",
    year = "2018",
    keywords = "allostery, protein dynamics, phosphatase",
    pages = "e36307"
}

@article{biel_flexibility_2017,
    author = "Biel, Justin T. and Thompson, Michael C. and Cunningham, Christian N. and Corn, Jacob E. and Fraser, James S.",
    title = "Flexibility and Design: Conformational Heterogeneity along the Evolutionary Trajectory of a Redesigned Ubiquitin",
    volume = "25",
    issn = "0969-2126",
    shorttitle = "Flexibility and {Design}",
    url = "https://doi.org/10.1016/j.str.2017.03.009",
    doi = "10.1016/j.str.2017.03.009",
    language = "English",
    number = "5",
    urldate = "2023-03-01",
    journal = "Structure",
    month = "May",
    year = "2017",
    pmid = "28416112",
    keywords = "directed evolution, high-resolution X-ray crystallography, protein design, room-temperature X-ray crystallography, ubiquitin",
    pages = "739--749.e3"
}

@article{thompson_temperature-jump_2019,
    author = "Thompson, Michael C. and Barad, Benjamin A. and Wolff, Alexander M. and Sun Cho, Hyun and Schotte, Friedrich and Schwarz, Daniel M. C. and Anfinrud, Philip and Fraser, James S.",
    title = "Temperature-jump solution X-ray scattering reveals distinct motions in a dynamic enzyme",
    volume = "11",
    copyright = "2019 The Author(s), under exclusive licence to Springer Nature Limited",
    issn = "1755-4330",
    url = "https://doi.org/10.1038/s41557-019-0329-3",
    doi = "10.1038/s41557-019-0329-3",
    language = "en",
    number = "11",
    urldate = "2023-03-01",
    journal = "Nature Chemistry",
    month = "November",
    year = "2019",
    keywords = "SAXS, Biophysical chemistry, Kinetics, Reaction kinetics and dynamics",
    pages = "1058--1066"
}

@article{van_benschoten_measuring_2016,
    author = "Van Benschoten, Andrew H. and Liu, Lin and Gonzalez, Ana and Brewster, Aaron S. and Sauter, Nicholas K. and Fraser, James S. and Wall, Michael E.",
    title = "Measuring and modeling diffuse scattering in protein X-ray crystallography",
    volume = "113",
    url = "https://doi.org/10.1073/pnas.1524048113",
    doi = "10.1073/pnas.1524048113",
    number = "15",
    urldate = "2023-03-01",
    journal = "Proceedings of the National Academy of Sciences",
    month = "April",
    year = "2016",
    pages = "4069--4074",
    issn = "0027-8424"
}

@article{keedy_mapping_2015,
    author = "Keedy, Daniel A and Kenner, Lillian R and Warkentin, Matthew and Woldeyes, Rahel A and Hopkins, Jesse B and Thompson, Michael C and Brewster, Aaron S and Van Benschoten, Andrew H and Baxter, Elizabeth L and Uervirojnangkoorn, Monarin and McPhillips, Scott E and Song, Jinhu and Alonso-Mori, Roberto and Holton, James M and Weis, William I and Brunger, Axel T and Soltis, S Michael and Lemke, Henrik and Gonzalez, Ana and Sauter, Nicholas K and Cohen, Aina E and van den Bedem, Henry and Thorne, Robert E and Fraser, James S",
    title = "Mapping the conformational landscape of a dynamic enzyme by multitemperature and XFEL crystallography",
    volume = "4",
    issn = "2050-084X",
    url = "https://doi.org/10.7554/elife.07574",
    doi = "10.7554/elife.07574",
    urldate = "2023-03-01",
    journal = "eLife",
    month = "September",
    year = "2015",
    keywords = "protein dynamics, enzymology, x-ray free electron laser",
    pages = "e07574"
}

@article{friedland_simple_2008,
    author = "Friedland, Gregory D. and Linares, Anthony J. and Smith, Colin A. and Kortemme, Tanja",
    title = "A Simple Model of Backbone Flexibility Improves Modeling of Side-chain Conformational Variability",
    volume = "380",
    issn = "0022-2836",
    url = "https://doi.org/10.1016/j.jmb.2008.05.006",
    doi = "10.1016/j.jmb.2008.05.006",
    language = "en",
    number = "4",
    urldate = "2023-03-01",
    journal = "Journal of Molecular Biology",
    month = "July",
    year = "2008",
    keywords = "NMR order parameters, protein dynamics, protein design, flexible backbone, side-chain dynamics",
    pages = "757--774"
}

@article{davis_backrub_2006,
    author = "Davis, Ian W. and Arendall, W. Bryan and Richardson, David C. and Richardson, Jane S.",
    title = "The Backrub Motion: How Protein Backbone Shrugs When a Sidechain Dances",
    volume = "14",
    issn = "0969-2126",
    shorttitle = "The {Backrub} {Motion}",
    url = "https://doi.org/10.1016/j.str.2005.10.007",
    doi = "10.1016/j.str.2005.10.007",
    language = "English",
    number = "2",
    urldate = "2023-03-01",
    journal = "Structure",
    month = "February",
    year = "2006",
    pmid = "16472746",
    pages = "265--274"
}

@article{eisenmesser_intrinsic_2005,
    author = "Eisenmesser, Elan Z. and Millet, Oscar and Labeikovsky, Wladimir and Korzhnev, Dmitry M. and Wolf-Watz, Magnus and Bosco, Daryl A. and Skalicky, Jack J. and Kay, Lewis E. and Kern, Dorothee",
    title = "Intrinsic dynamics of an enzyme underlies catalysis",
    volume = "438",
    copyright = "2005 Nature Publishing Group",
    issn = "0028-0836",
    url = "https://doi.org/10.1038/nature04105",
    doi = "10.1038/nature04105",
    language = "en",
    number = "7064",
    urldate = "2023-03-01",
    journal = "Nature",
    month = "November",
    year = "2005",
    keywords = "Humanities and Social Sciences, multidisciplinary, Science",
    pages = "117--121"
}

@article{teeter_water_1984,
    author = "Teeter, M. M.",
    title = "Water structure of a hydrophobic protein at atomic resolution: Pentagon rings of water molecules in crystals of crambin",
    volume = "81",
    shorttitle = "Water structure of a hydrophobic protein at atomic resolution",
    url = "https://doi.org/10.1073/pnas.81.19.6014",
    doi = "10.1073/pnas.81.19.6014",
    number = "19",
    urldate = "2023-03-01",
    journal = "Proceedings of the National Academy of Sciences",
    month = "October",
    year = "1984",
    pages = "6014--6018",
    issn = "0027-8424"
}

@article{chen_room-temperature_2012,
    author = "Chen, Julian C.-H. and Fisher, Zoë and Kovalevsky, Andrey Y. and Mustyakimov, Marat and Hanson, B. Leif and Zhurov, Vladimir V. and Langan, Paul",
    title = "Room-temperature ultrahigh-resolution time-of-flight neutron and X-ray diffraction studies of H/D-exchanged crambin",
    volume = "68",
    copyright = "Copyright (c) 2012 International Union of Crystallography",
    issn = "1744-3091",
    url = "https://doi.org/10.1107/s1744309111051499",
    doi = "10.1107/s1744309111051499",
    language = "en",
    number = "2",
    urldate = "2023-03-01",
    journal = "Acta Crystallographica Section F Structural Biology and Crystallization Communications",
    month = "February",
    year = "2012",
    pages = "119--123"
}

@article{janowski_molecular_2016,
    author = "Janowski, Pawel A. and Liu, Chunmei and Deckman, Jason and Case, David A.",
    title = "Molecular dynamics simulation of triclinic lysozyme in a crystal lattice",
    volume = "25",
    issn = "0961-8368",
    url = "https://doi.org/10.1002/pro.2713",
    doi = "10.1002/pro.2713",
    language = "en",
    number = "1",
    urldate = "2023-03-01",
    journal = "Protein Science",
    year = "2016",
    keywords = "force fields, molecular dynamics, lysozyme, biomolecular crystallography, computational crystallography, crystal simulations",
    pages = "87--102"
}

@phdthesis{moreau_ice_2020,
    author = "Moreau, David",
    address = "Ithaca, NY",
    type = "dissertation or thesis",
    title = "Ice formation and solvent nanoconfinement in protein crystallography",
    url = "https://ecommons.cornell.edu/handle/1813/70340",
    language = "en",
    school = "Cornell University",
    month = "May",
    year = "2020",
    doi = "10.7298/2yxj-4e25"
}

@article{cerutti_simulations_2010,
    author = "Cerutti, David S. and Freddolino, Lydia and Duke, Robert E. and Case, David A.",
    title = "Simulations of a Protein Crystal with a High Resolution X-ray Structure: Evaluation of Force Fields and Water Models",
    volume = "114",
    issn = "1520-6106",
    shorttitle = "Simulations of a {Protein} {Crystal} with a {High} {Resolution} {X}-ray {Structure}",
    url = "https://doi.org/10.1021/jp105813j",
    doi = "10.1021/jp105813j",
    number = "40",
    urldate = "2023-02-28",
    journal = "The Journal of Physical Chemistry B",
    month = "October",
    year = "2010",
    pages = "12811--12824"
}

@article{wych_liquid-like_2019,
    author = "Wych, David C. and Fraser, James S. and Mobley, David L. and Wall, Michael E.",
    title = "Liquid-like and rigid-body motions in molecular-dynamics simulations of a crystalline protein",
    volume = "6",
    url = "https://doi.org/10.1063/1.5132692",
    doi = "10.1063/1.5132692",
    number = "6",
    urldate = "2023-02-28",
    journal = "Structural Dynamics",
    month = "November",
    year = "2019",
    pages = "064704",
    issn = "2329-7778"
}

@article{wall_conformational_2014,
    author = "Wall, Michael E. and Van Benschoten, Andrew H. and Sauter, Nicholas K. and Adams, Paul D. and Fraser, James S. and Terwilliger, Thomas C.",
    title = "Conformational dynamics of a crystalline protein from microsecond-scale molecular dynamics simulations and diffuse X-ray scattering",
    volume = "111",
    url = "https://doi.org/10.1073/pnas.1416744111",
    doi = "10.1073/pnas.1416744111",
    number = "50",
    urldate = "2023-02-28",
    journal = "Proceedings of the National Academy of Sciences",
    month = "December",
    year = "2014",
    pages = "17887--17892",
    issn = "0027-8424"
}

@article{meinhold_fluctuations_2005,
    author = "Meinhold, Lars and Smith, Jeremy C.",
    title = "Fluctuations and Correlations in Crystalline Protein Dynamics: A Simulation Analysis of Staphylococcal Nuclease",
    volume = "88",
    issn = "0006-3495",
    shorttitle = "Fluctuations and {Correlations} in {Crystalline} {Protein} {Dynamics}",
    url = "https://doi.org/10.1529/biophysj.104.056101",
    doi = "10.1529/biophysj.104.056101",
    language = "English",
    number = "4",
    urldate = "2023-02-28",
    journal = "Biophysical Journal",
    month = "April",
    year = "2005",
    pmid = "15681654",
    pages = "2554--2563"
}

@article{clarage_sampling_1995,
    author = "Clarage, J B and Romo, T and Andrews, B K and Pettitt, B M and Phillips, G N",
    title = "A sampling problem in molecular dynamics simulations of macromolecules.",
    volume = "92",
    url = "https://doi.org/10.1073/pnas.92.8.3288",
    doi = "10.1073/pnas.92.8.3288",
    number = "8",
    urldate = "2023-02-28",
    journal = "Proceedings of the National Academy of Sciences",
    month = "April",
    year = "1995",
    pages = "3288--3292",
    issn = "0027-8424"
}

@article{faure_correlated_1994,
    author = "Faure, P. and Micu, A. and Pérahia, D. and Doucet, J. and Smith, J.C. and Benoit, J.P.",
    title = "Correlated intramolecular motions and diffuse x–ray scattering in lysozyme",
    volume = "1",
    copyright = "1994 Nature Publishing Group",
    issn = "1545-9993",
    url = "https://doi.org/10.1038/nsb0294-124",
    doi = "10.1038/nsb0294-124",
    language = "en",
    number = "2",
    urldate = "2023-02-28",
    journal = "Nature Structural \& Molecular Biology",
    month = "February",
    year = "1994",
    keywords = "Biochemistry, Biological Microscopy, general, Life Sciences, Membrane Biology, Protein Structure",
    pages = "124--128"
}

@article{meisburger_diffuse_2020,
    author = "Meisburger, Steve P. and Case, David A. and Ando, Nozomi",
    title = "Diffuse X-ray scattering from correlated motions in a protein crystal",
    volume = "11",
    copyright = "2020 The Author(s)",
    issn = "2041-1723",
    url = "https://doi.org/10.1038/s41467-020-14933-6",
    doi = "10.1038/s41467-020-14933-6",
    language = "en",
    number = "1",
    urldate = "2023-02-28",
    journal = "Nature Communications",
    month = "March",
    year = "2020",
    keywords = "Biophysics, Structural biology",
    pages = "1271"
}

@article{fenwick_integrated_2014,
    author = "Fenwick, R. Bryn and van den Bedem, Henry and Fraser, James S. and Wright, Peter E.",
    title = "Integrated description of protein dynamics from room-temperature X-ray crystallography and NMR",
    volume = "111",
    url = "https://doi.org/10.1073/pnas.1323440111",
    doi = "10.1073/pnas.1323440111",
    number = "4",
    urldate = "2023-02-28",
    journal = "Proceedings of the National Academy of Sciences",
    month = "January",
    year = "2014",
    pages = "E445--E454"
}

@article{bradford_temperature_2021,
    author = "Bradford, Shanshan Y. C. and El Khoury, Léa and Ge, Yunhui and Osato, Meghan and Mobley, David L. and Fischer, Marcus",
    title = "Temperature artifacts in protein structures bias ligand-binding predictions",
    volume = "12",
    url = "https://doi.org/10.1039/d1sc02751d",
    doi = "10.1039/d1sc02751d",
    language = "en",
    number = "34",
    urldate = "2023-02-28",
    journal = "Chemical Science",
    year = "2021",
    pages = "11275--11293",
    issn = "2041-6520"
}

@article{riley_qfit_2021,
    author = "Riley, Blake T. and Wankowicz, Stephanie A. and de Oliveira, Saulo H. P. and van Zundert, Gydo C. P. and Hogan, Daniel W. and Fraser, James S. and Keedy, Daniel A. and van den Bedem, Henry",
    title = "qFit 3: Protein and ligand multiconformer modeling for X-ray crystallographic and single-particle cryo-EM density maps",
    volume = "30",
    issn = "0961-8368",
    shorttitle = "{qFit} 3",
    url = "https://doi.org/10.1002/pro.4001",
    doi = "10.1002/pro.4001",
    language = "en",
    number = "1",
    urldate = "2023-02-28",
    journal = "Protein Science",
    year = "2021",
    keywords = "protein dynamics, X-ray crystallography, conformational ensemble, cryo-electron microscopy, multiconformer models",
    pages = "270--285"
}

@article{lang_automated_2010,
    author = "Lang, P. Therese and Ng, Ho-Leung and Fraser, James S. and Corn, Jacob E. and Echols, Nathaniel and Sales, Mark and Holton, James M. and Alber, Tom",
    title = "Automated electron-density sampling reveals widespread conformational polymorphism in proteins",
    volume = "19",
    issn = "0961-8368",
    url = "https://doi.org/10.1002/pro.423",
    doi = "10.1002/pro.423",
    language = "en",
    number = "7",
    urldate = "2023-02-28",
    journal = "Protein Science",
    year = "2010",
    keywords = "X-ray crystallography, electron-density sampling, rotamers, side chain ensembles, structural polymorphism",
    pages = "1420--1431"
}

@article{lovell_penultimate_2000,
    author = "Lovell, Simon C. and Word, J. Michael and Richardson, Jane S. and Richardson, David C.",
    title = "The penultimate rotamer library",
    volume = "40",
    issn = "0887-3585",
    url = "https://doi.org/10.1002/1097-0134(20000815)40:3<389::aid-prot50>3.0.co;2-2",
    doi = "10.1002/1097-0134(20000815)40:3<389::aid-prot50>3.0.co;2-2",
    language = "de",
    number = "3",
    urldate = "2023-02-28",
    journal = "Proteins: Structure, Function, and Genetics",
    year = "2000",
    keywords = "all-atom contact analysis, explicit hydrogens, reversed leucines, side-chain rotamer library, structure validation, van der Waals analysis",
    pages = "389--408"
}

@article{williams_molprobity_2018,
    author = "Williams, Christopher J. and Headd, Jeffrey J. and Moriarty, Nigel W. and Prisant, Michael G. and Videau, Lizbeth L. and Deis, Lindsay N. and Verma, Vishal and Keedy, Daniel A. and Hintze, Bradley J. and Chen, Vincent B. and Jain, Swati and Lewis, Steven M. and Arendall, W. Bryan and Snoeyink, Jack and Adams, Paul D. and Lovell, Simon C. and Richardson, Jane S. and Richardson, David C.",
    title = "MolProbity: More and better reference data for improved all-atom structure validation",
    volume = "27",
    issn = "0961-8368",
    shorttitle = "{MolProbity}",
    url = "https://doi.org/10.1002/pro.3330",
    doi = "10.1002/pro.3330",
    language = "en",
    number = "1",
    urldate = "2023-02-28",
    journal = "Protein Science",
    year = "2018",
    keywords = "all-atom contact analysis, Asn/Gln/His flip, CaBLAM, CCTBX, cis non-proline, electron-cloud hydrogen position, Top8000",
    pages = "293--315"
}

@article{wall_internal_2018,
    author = "Wall, Michael E.",
    title = "Internal protein motions in molecular-dynamics simulations of Bragg and diffuse X-ray scattering",
    volume = "5",
    copyright = "https://creativecommons.org/licenses/by/2.0/uk",
    issn = "2052-2525",
    url = "https://doi.org/10.1107/s2052252518000519",
    doi = "10.1107/s2052252518000519",
    language = "en",
    number = "2",
    urldate = "2023-02-28",
    journal = "IUCrJ",
    month = "March",
    year = "2018",
    pages = "172--181"
}

@article{liebschner_macromolecular_2019,
    author = "Liebschner, Dorothee and Afonine, Pavel V. and Baker, Matthew L. and Bunkóczi, Gábor and Chen, Vincent B. and Croll, Tristan I. and Hintze, Bradley and Hung, Li-Wei and Jain, Swati and McCoy, Airlie J. and Moriarty, Nigel W. and Oeffner, Robert D. and Poon, Billy K. and Prisant, Michael G. and Read, Randy J. and Richardson, Jane S. and Richardson, David C. and Sammito, Massimo D. and Sobolev, Oleg V. and Stockwell, Duncan H. and Terwilliger, Thomas C. and Urzhumtsev, Alexandre G. and Videau, Lizbeth L. and Williams, Christopher J. and Adams, Paul D.",
    title = "Macromolecular structure determination using X-rays, neutrons and electrons: recent developments in Phenix",
    volume = "75",
    copyright = "https://creativecommons.org/licenses/by/4.0/",
    issn = "2059-7983",
    shorttitle = "Macromolecular structure determination using {X}-rays, neutrons and electrons",
    url = "https://doi.org/10.1107/s2059798319011471",
    doi = "10.1107/s2059798319011471",
    language = "en",
    number = "10",
    urldate = "2023-02-28",
    journal = "Acta Crystallographica Section D Structural Biology",
    month = "October",
    year = "2019",
    pages = "861--877"
}

@article{pearce_multi-crystal_2017,
    author = "Pearce, Nicholas M. and Krojer, Tobias and Bradley, Anthony R. and Collins, Patrick and Nowak, Radosław P. and Talon, Romain and Marsden, Brian D. and Kelm, Sebastian and Shi, Jiye and Deane, Charlotte M. and von Delft, Frank",
    title = "A multi-crystal method for extracting obscured crystallographic states from conventionally uninterpretable electron density",
    volume = "8",
    copyright = "2017 The Author(s)",
    issn = "2041-1723",
    url = "https://doi.org/10.1038/ncomms15123",
    doi = "10.1038/ncomms15123",
    language = "en",
    number = "1",
    urldate = "2023-02-28",
    journal = "Nature Communications",
    month = "April",
    year = "2017",
    keywords = "Proteins, X-ray crystallography, Screening",
    pages = "15123"
}

@techreport{case_amber_2022,
    author = "Case, D. A. and Aktulga, H. M. and Belfrom, K. and Ben-Shalom, I. Y. and Berryman, J. T. and Brozell, S. R. and Cerutti, D. S. and Cheatham, III, T. E. and Cisneros, G. A. and Cruzeiro, V. W. D. and Darden, T. A. and Duke, R. E. and Giambasu, G. and Gilson, M. K. and Gohlke, H. and Goetz, A. W. and Harris, R. and Izadi, S. and Izmailov, K. and Kasavajhala, K. and Kaymak, M. C. and King, E. and Kovalenko, A. and Kurtzman, T. and Lee, T. S. and LeGrand, S. and Li, P. and Lin, C. and Liu, J. and Luchko, T. and Luo, R. and Machado, M. and Man, V. and Manathunga, M. and Merz, K. M. and Miao, Y. and Mikhailovskii, O. and Monard, G. and Nguyen, H. and O'Hearn, K. A. and Onufriev, A. and Pan, F. and Pantano, S. and Qi, R. and Rahnamoun, A. and Roe, D. R. and Roitberg, A. and Sagui, C. and Schott-Verdugo, S. and Shajan, A. and Shen, J. and Simmerling, C. L. and Skrynnikov, N. R. and Smith, J. and Swails, J. and Walker, R. C. and Wang, J. and Wang, J. and Wei, H. and Wolf, R. M. and Wu, X. and Xiong, Y. and Xue, Y. and York, D. M. and Zhao, S. and Kollman, P. A.",
    title = "Amber 2022",
    institution = "University of California, San Fransisco",
    year = "2022"
}

@article{winn_overview_2011,
    author = "Winn, Martyn D. and Ballard, Charles C. and Cowtan, Kevin D. and Dodson, Eleanor J. and Emsley, Paul and Evans, Phil R. and Keegan, Ronan M. and Krissinel, Eugene B. and Leslie, Andrew G. W. and McCoy, Airlie and McNicholas, Stuart J. and Murshudov, Garib N. and Pannu, Navraj S. and Potterton, Elizabeth A. and Powell, Harold R. and Read, Randy J. and Vagin, Alexei and Wilson, Keith S.",
    title = "Overview of the CCP4 suite and current developments",
    volume = "67",
    copyright = "http://creativecommons.org/licenses/by/2.0/uk",
    issn = "0907-4449",
    url = "https://doi.org/10.1107/s0907444910045749",
    doi = "10.1107/s0907444910045749",
    language = "en",
    number = "4",
    urldate = "2023-02-28",
    journal = "Acta Crystallographica Section D Biological Crystallography",
    month = "April",
    year = "2011",
    pages = "235--242"
}

@article{grosse-kunstleve_computational_2002,
    author = "Grosse-Kunstleve, Ralf W. and Sauter, Nicholas K. and Moriarty, Nigel W. and Adams, Paul D.",
    title = "The Computational Crystallography Toolbox: crystallographic algorithms in a reusable software framework",
    volume = "35",
    copyright = "Copyright (c) 2002 International Union of Crystallography",
    issn = "0021-8898",
    shorttitle = "The {Computational} {Crystallography} {Toolbox}",
    url = "https://doi.org/10.1107/s0021889801017824",
    doi = "10.1107/s0021889801017824",
    language = "en",
    number = "1",
    urldate = "2023-02-28",
    journal = "Journal of Applied Crystallography",
    month = "February",
    year = "2002",
    pages = "126--136"
}

@incollection{wall_methods_2009,
    author = "Wall, Michael E.",
    editor = "Foote, Robert S. and Lee, James Weifu",
    address = "Totowa, NJ",
    series = "Methods in {Molecular} {Biology}™",
    title = "Methods and {Software} for {Diffuse} {X}-{Ray} {Scattering} from {Protein} {Crystals}",
    isbn = "978-1-59745-483-4",
    url = "https://doi.org/10.1007/978-1-59745-483-4\_17",
    language = "en",
    urldate = "2023-02-28",
    booktitle = "Micro and {Nano} {Technologies} in {Bioanalysis}: {Methods} and {Protocols}",
    publisher = "Humana Press",
    year = "2009",
    doi = "10.1007/978-1-59745-483-4\_17",
    keywords = "Conformational distribution, Diffuse X-ray scattering, Protein crystallography, Protein dynamics, Synchrotron",
    pages = "269--279"
}

@article{meisburger_x-ray_2017,
    author = "Meisburger, Steve P. and Thomas, William C. and Watkins, Maxwell B. and Ando, Nozomi",
    title = "X-ray Scattering Studies of Protein Structural Dynamics",
    volume = "117",
    issn = "0009-2665",
    url = "https://doi.org/10.1021/acs.chemrev.6b00790",
    doi = "10.1021/acs.chemrev.6b00790",
    number = "12",
    urldate = "2023-02-28",
    journal = "Chemical Reviews",
    month = "June",
    year = "2017",
    pages = "7615--7672"
}

@article{altan_learning_2018,
    author = "Altan, Irem and Fusco, Diana and Afonine, Pavel V. and Charbonneau, Patrick",
    title = "Learning about Biomolecular Solvation from Water in Protein Crystals",
    volume = "122",
    issn = "1520-6106",
    url = "https://doi.org/10.1021/acs.jpcb.7b09898",
    doi = "10.1021/acs.jpcb.7b09898",
    number = "9",
    urldate = "2023-02-28",
    journal = "The Journal of Physical Chemistry B",
    month = "March",
    year = "2018",
    pages = "2475--2486"
}

@article{keedy_crystal_2014,
    author = "Keedy, Daniel A. and van den Bedem, Henry and Sivak, David A. and Petsko, Gregory A. and Ringe, Dagmar and Wilson, Mark A. and Fraser, James S.",
    title = "Crystal Cryocooling Distorts Conformational Heterogeneity in a Model Michaelis Complex of DHFR",
    volume = "22",
    issn = "0969-2126",
    url = "https://doi.org/10.1016/j.str.2014.04.016",
    doi = "10.1016/j.str.2014.04.016",
    language = "en",
    number = "6",
    urldate = "2023-02-28",
    journal = "Structure",
    month = "June",
    year = "2014",
    pages = "899--910"
}

@article{fraser_hidden_2009,
    author = "Fraser, James S. and Clarkson, Michael W. and Degnan, Sheena C. and Erion, Renske and Kern, Dorothee and Alber, Tom",
    title = "Hidden alternative structures of proline isomerase essential for catalysis",
    volume = "462",
    copyright = "2009 Macmillan Publishers Limited. All rights reserved",
    issn = "0028-0836",
    url = "https://doi.org/10.1038/nature08615",
    doi = "10.1038/nature08615",
    language = "en",
    number = "7273",
    urldate = "2023-02-28",
    journal = "Nature",
    month = "December",
    year = "2009",
    keywords = "Humanities and Social Sciences, multidisciplinary, Science",
    pages = "669--673"
}

@article{thorne_determining_2023,
    author = "Thorne, Robert E.",
    title = "Determining biomolecular structures near room temperature using X-ray crystallography: concepts, methods and future optimization",
    volume = "79",
    copyright = "https://creativecommons.org/licenses/by/4.0/",
    issn = "2059-7983",
    shorttitle = "Determining biomolecular structures near room temperature using {X}-ray crystallography",
    url = "https://doi.org/10.1107/s2059798322011652",
    doi = "10.1107/s2059798322011652",
    language = "en",
    number = "1",
    urldate = "2023-02-28",
    journal = "Acta Crystallographica Section D Structural Biology",
    month = "January",
    year = "2023",
    pages = "78--94"
}

@article{fischer_macromolecular_2021,
    author = "Fischer, Marcus",
    title = "Macromolecular room temperature crystallography",
    volume = "54",
    issn = "0033-5835",
    url = "https://doi.org/10.1017/s0033583520000128",
    doi = "10.1017/s0033583520000128",
    language = "en",
    urldate = "2023-02-28",
    journal = "Quarterly Reviews of Biophysics",
    year = "2021",
    keywords = "energy landscape, X-ray crystallography, Cryogenic trapping, room temperature, structural dynamics, variable temperature",
    pages = "e1"
}

@article{muirhead_structure_1963,
    author = "Muirhead, Hilary and Perutz, M. F.",
    title = "Structure Of Hæemoglobin: A Three-Dimensional Fourier Synthesis of Reduced Human Haemoglobin at 5.5 Å Resolution",
    volume = "199",
    copyright = "1963 Nature Publishing Group",
    issn = "0028-0836",
    shorttitle = "Structure {Of} {Hæemoglobin}",
    url = "https://doi.org/10.1038/199633a0",
    doi = "10.1038/199633a0",
    language = "en",
    number = "4894",
    urldate = "2023-02-28",
    journal = "Nature",
    month = "August",
    year = "1963",
    keywords = "Humanities and Social Sciences, multidisciplinary, Science",
    pages = "633--638"
}

@article{debiec_further_2016,
    author = "Debiec, Karl T. and Cerutti, David S. and Baker, Lewis R. and Gronenborn, Angela M. and Case, David A. and Chong, Lillian T.",
    title = "Further along the Road Less Traveled: AMBER ff15ipq, an Original Protein Force Field Built on a Self-Consistent Physical Model",
    volume = "12",
    issn = "1549-9618",
    shorttitle = "Further along the {Road} {Less} {Traveled}",
    url = "https://doi.org/10.1021/acs.jctc.6b00567",
    doi = "10.1021/acs.jctc.6b00567",
    number = "8",
    urldate = "2023-02-28",
    journal = "Journal of Chemical Theory and Computation",
    month = "August",
    year = "2016",
    pages = "3926--3947"
}

@article{debiec_evaluating_2014,
    author = "Debiec, Karl T. and Gronenborn, Angela M. and Chong, Lillian T.",
    title = "Evaluating the Strength of Salt Bridges: A Comparison of Current Biomolecular Force Fields",
    volume = "118",
    issn = "1520-6106",
    shorttitle = "Evaluating the {Strength} of {Salt} {Bridges}",
    url = "https://doi.org/10.1021/jp500958r",
    doi = "10.1021/jp500958r",
    number = "24",
    urldate = "2023-02-28",
    journal = "The Journal of Physical Chemistry B",
    month = "June",
    year = "2014",
    pages = "6561--6569"
}

@article{khan_distribution_2015,
    author = "Khan, Shahid N. and Charlier, Cyril and Augustyniak, Rafal and Salvi, Nicola and Déjean, Victoire and Bodenhausen, Geoffrey and Lequin, Olivier and Pelupessy, Philippe and Ferrage, Fabien",
    title = "Distribution of Pico- and Nanosecond Motions in Disordered Proteins from Nuclear Spin Relaxation",
    volume = "109",
    issn = "0006-3495",
    url = "https://doi.org/10.1016/j.bpj.2015.06.069",
    doi = "10.1016/j.bpj.2015.06.069",
    language = "en",
    number = "5",
    urldate = "2023-02-28",
    journal = "Biophysical Journal",
    month = "September",
    year = "2015",
    pages = "988--999"
}

@article{ciragan_nmr_2020,
    author = "Ciragan, Annika and Backlund, Sofia M. and Mikula, Kornelia M. and Beyer, Hannes M. and Samuli Ollila, O. H. and Iwaï, Hideo",
    title = "NMR Structure and Dynamics of TonB Investigated by Scar-Less Segmental Isotopic Labeling Using a Salt-Inducible Split Intein",
    volume = "8",
    issn = "2296-2646",
    url = "https://doi.org/10.3389/fchem.2020.00136",
    urldate = "2023-02-28",
    journal = "Frontiers in Chemistry",
    year = "2020",
    doi = "10.3389/fchem.2020.00136"
}

@article{jarymowycz_fast_2006,
    author = "Jarymowycz, Virginia A. and Stone, Martin J.",
    title = "Fast Time Scale Dynamics of Protein Backbones:  NMR Relaxation Methods, Applications, and Functional Consequences",
    volume = "106",
    issn = "0009-2665",
    shorttitle = "Fast {Time} {Scale} {Dynamics} of {Protein} {Backbones}",
    url = "https://doi.org/10.1021/cr040421p",
    doi = "10.1021/cr040421p",
    number = "5",
    urldate = "2023-02-28",
    journal = "Chemical Reviews",
    month = "May",
    year = "2006",
    pages = "1624--1671"
}

@article{mao_protein_2014,
    author = "Mao, Binchen and Tejero, Roberto and Baker, David and Montelione, Gaetano T.",
    title = "Protein NMR Structures Refined with Rosetta Have Higher Accuracy Relative to Corresponding X-ray Crystal Structures",
    volume = "136",
    issn = "0002-7863",
    url = "https://doi.org/10.1021/ja409845w",
    doi = "10.1021/ja409845w",
    number = "5",
    urldate = "2023-02-28",
    journal = "Journal of the American Chemical Society",
    month = "February",
    year = "2014",
    pages = "1893--1906"
}

@article{piana_water_2015,
    author = "Piana, Stefano and Donchev, Alexander G. and Robustelli, Paul and Shaw, David E.",
    title = "Water Dispersion Interactions Strongly Influence Simulated Structural Properties of Disordered Protein States",
    volume = "119",
    issn = "1520-6106",
    url = "https://doi.org/10.1021/jp508971m",
    doi = "10.1021/jp508971m",
    number = "16",
    urldate = "2023-02-28",
    journal = "The Journal of Physical Chemistry B",
    month = "April",
    year = "2015",
    pages = "5113--5123"
}

@article{bowman_accurately_2016,
    author = "Bowman, Gregory R.",
    title = "Accurately modeling nanosecond protein dynamics requires at least microseconds of simulation",
    volume = "37",
    issn = "0192-8651",
    url = "https://doi.org/10.1002/jcc.23973",
    doi = "10.1002/jcc.23973",
    language = "en",
    number = "6",
    urldate = "2023-02-28",
    journal = "Journal of Computational Chemistry",
    year = "2016",
    keywords = "force fields, molecular dynamics, conformational heterogeneity, enhanced sampling, order parameters",
    pages = "558--566"
}

@article{anderson_rotational_2012,
    author = "Anderson, Janet S. and LeMaster, David M.",
    title = "Rotational velocity rescaling of molecular dynamics trajectories for direct prediction of protein NMR relaxation",
    volume = "168-169",
    issn = "0301-4622",
    url = "https://doi.org/10.1016/j.bpc.2012.05.005",
    doi = "10.1016/j.bpc.2012.05.005",
    language = "en",
    urldate = "2023-02-28",
    journal = "Biophysical Chemistry",
    month = "July",
    year = "2012",
    keywords = "NMR relaxation, Chemical shift anisotropy, Molecular dynamics simulation, Quaternion, Rotational diffusion",
    pages = "28--39"
}

@article{prompers_general_2002,
    author = "Prompers, Jeanine J. and Brüschweiler, Rafael",
    title = "General Framework for Studying the Dynamics of Folded and Nonfolded Proteins by NMR Relaxation Spectroscopy and MD Simulation",
    volume = "124",
    issn = "0002-7863",
    url = "https://doi.org/10.1021/ja012750u",
    doi = "10.1021/ja012750u",
    number = "16",
    urldate = "2023-02-28",
    journal = "Journal of the American Chemical Society",
    month = "April",
    year = "2002",
    pages = "4522--4534"
}

@article{lipari_protein_1982,
    author = "Lipari, Giovanni and Szabo, Attila and Levy, Ronald M.",
    title = "Protein dynamics and NMR relaxation: comparison of simulations with experiment",
    volume = "300",
    copyright = "1982 Nature Publishing Group",
    issn = "0028-0836",
    shorttitle = "Protein dynamics and {NMR} relaxation",
    url = "https://doi.org/10.1038/300197a0",
    doi = "10.1038/300197a0",
    language = "en",
    number = "5888",
    urldate = "2023-02-28",
    journal = "Nature",
    month = "November",
    year = "1982",
    keywords = "Humanities and Social Sciences, multidisciplinary, Science",
    pages = "197--198"
}

@article{fenwick_classic_2016,
    author = "Fenwick, R. Bryn and Dyson, H. Jane",
    title = "Classic Analysis of Biopolymer Dynamics Is Model Free",
    volume = "110",
    issn = "0006-3495",
    url = "https://doi.org/10.1016/j.bpj.2015.11.022",
    doi = "10.1016/j.bpj.2015.11.022",
    language = "English",
    number = "1",
    urldate = "2023-02-28",
    journal = "Biophysical Journal",
    month = "January",
    year = "2016",
    pmid = "26745403",
    pages = "3--6"
}

@article{wong_evaluating_2008,
    author = "Wong, Vance and Case, David A.",
    title = "Evaluating Rotational Diffusion from Protein MD Simulations",
    volume = "112",
    issn = "1520-6106",
    url = "https://doi.org/10.1021/jp0761564",
    doi = "10.1021/jp0761564",
    number = "19",
    urldate = "2023-02-28",
    journal = "The Journal of Physical Chemistry B",
    month = "May",
    year = "2008",
    pages = "6013--6024"
}

@article{virtanen_heterogeneous_2020,
    author = "Virtanen, Salla I. and Kiirikki, Anne M. and Mikula, Kornelia M. and Iwaï, Hideo and Ollila, O. H. Samuli",
    title = "Heterogeneous dynamics in partially disordered proteins",
    volume = "22",
    url = "https://doi.org/10.1039/d0cp03473h",
    doi = "10.1039/d0cp03473h",
    language = "en",
    number = "37",
    urldate = "2023-02-28",
    journal = "Physical Chemistry Chemical Physics",
    year = "2020",
    pages = "21185--21196",
    issn = "1463-9076"
}

@article{trbovic_structural_2008,
    author = "Trbovic, Nikola and Kim, Byungchan and Friesner, Richard A. and Palmer, Arthur G.",
    title = "Structural analysis of protein dynamics by MD simulations and NMR spin-relaxation",
    volume = "71",
    issn = "0887-3585",
    url = "https://doi.org/10.1002/prot.21750",
    doi = "10.1002/prot.21750",
    language = "fr",
    number = "2",
    urldate = "2023-02-28",
    journal = "Proteins: Structure, Function, and Bioinformatics",
    year = "2008",
    keywords = "B3 domain of protein G, generalized order parameter, hydrogen bond, residual dipolar coupling constant",
    pages = "684--694"
}

@article{maragakis_microsecond_2008,
    author = "Maragakis, Paul and Lindorff-Larsen, Kresten and Eastwood, Michael P. and Dror, Ron O. and Klepeis, John L. and Arkin, Isaiah T. and Jensen, Morten O. and Xu, Huafeng and Trbovic, Nikola and Friesner, Richard A. and Palmer, Arthur G. and Shaw, David E.",
    title = "Microsecond Molecular Dynamics Simulation Shows Effect of Slow Loop Dynamics on Backbone Amide Order Parameters of Proteins",
    volume = "112",
    issn = "1520-6106",
    url = "https://doi.org/10.1021/jp077018h",
    doi = "10.1021/jp077018h",
    number = "19",
    urldate = "2023-02-28",
    journal = "The Journal of Physical Chemistry B",
    month = "May",
    year = "2008",
    pages = "6155--6158"
}

@article{showalter_toward_2007,
    author = "Showalter, Scott A. and Johnson, Eric and Rance, Mark and Brüschweiler, Rafael",
    title = "Toward Quantitative Interpretation of Methyl Side-Chain Dynamics from NMR by Molecular Dynamics Simulations",
    volume = "129",
    issn = "0002-7863",
    url = "https://doi.org/10.1021/ja075976r",
    doi = "10.1021/ja075976r",
    number = "46",
    urldate = "2023-02-28",
    journal = "Journal of the American Chemical Society",
    month = "November",
    year = "2007",
    pages = "14146--14147"
}

@article{showalter_validation_2007,
    author = "Showalter, Scott A. and Brüschweiler, Rafael",
    title = "Validation of Molecular Dynamics Simulations of Biomolecules Using NMR Spin Relaxation as Benchmarks:  Application to the AMBER99SB Force Field",
    volume = "3",
    issn = "1549-9618",
    shorttitle = "Validation of {Molecular} {Dynamics} {Simulations} of {Biomolecules} {Using} {NMR} {Spin} {Relaxation} as {Benchmarks}",
    url = "https://doi.org/10.1021/ct7000045",
    doi = "10.1021/ct7000045",
    number = "3",
    urldate = "2023-02-28",
    journal = "Journal of Chemical Theory and Computation",
    month = "May",
    year = "2007",
    pages = "961--975"
}

@article{best_determination_2004,
    author = "Best, Robert B. and Vendruscolo, Michele",
    title = "Determination of Protein Structures Consistent with NMR Order Parameters",
    volume = "126",
    issn = "0002-7863",
    url = "https://doi.org/10.1021/ja0396955",
    doi = "10.1021/ja0396955",
    number = "26",
    urldate = "2023-02-28",
    journal = "Journal of the American Chemical Society",
    month = "July",
    year = "2004",
    pages = "8090--8091"
}

@article{lipari_model-free_1982,
    author = "Lipari, Giovanni and Szabo, Attila",
    title = "Model-free approach to the interpretation of nuclear magnetic resonance relaxation in macromolecules. 1. Theory and range of validity",
    volume = "104",
    issn = "0002-7863",
    url = "https://doi.org/10.1021/ja00381a009",
    doi = "10.1021/ja00381a009",
    number = "17",
    urldate = "2023-02-28",
    journal = "Journal of the American Chemical Society",
    month = "August",
    year = "1982",
    pages = "4546--4559"
}

@article{hoffmann_accurate_2018,
    author = "Hoffmann, Falk and Mulder, Frans A. A. and Schäfer, Lars V.",
    title = "Accurate Methyl Group Dynamics in Protein Simulations with AMBER Force Fields",
    volume = "122",
    issn = "1520-6106",
    url = "https://doi.org/10.1021/acs.jpcb.8b02769",
    doi = "10.1021/acs.jpcb.8b02769",
    number = "19",
    urldate = "2023-02-28",
    journal = "The Journal of Physical Chemistry B",
    month = "May",
    year = "2018",
    pages = "5038--5048"
}

@article{fletcher_treatment_1996,
    author = "Fletcher, C. Mark and Jones, David N. M. and Diamond, Robert and Neuhaus, David",
    title = "Treatment of NOE constraints involving equivalent or nonstereoassigned protons in calculations of biomacromolecular structures",
    volume = "8",
    issn = "0925-2738",
    url = "https://doi.org/10.1007/bf00410328",
    doi = "10.1007/bf00410328",
    language = "en",
    number = "3",
    urldate = "2023-02-28",
    journal = "Journal of Biomolecular NMR",
    month = "October",
    year = "1996",
    keywords = "Distance-geometry calculations, Multiplicity corrections, Pseudoatom corrections, Simulated-annealing calculations, Stereoassignments, Structure determination",
    pages = "292--310"
}

@article{ollila_rotational_2018,
    author = "Ollila, O. H. Samuli and Heikkinen, Harri A. and Iwaï, Hideo",
    title = "Rotational Dynamics of Proteins from Spin Relaxation Times and Molecular Dynamics Simulations",
    volume = "122",
    issn = "1520-6106",
    url = "https://doi.org/10.1021/acs.jpcb.8b02250",
    doi = "10.1021/acs.jpcb.8b02250",
    language = "eng",
    number = "25",
    urldate = "2023-03-01",
    journal = "The Journal of Physical Chemistry B",
    month = "June",
    year = "2018",
    pmcid = "PMC6150695",
    pmid = "29812937",
    pages = "6559--6569"
}

@article{neidigh_designing_2002,
    author = "Neidigh, Jonathan W. and Fesinmeyer, R. Matthew and Andersen, Niels H.",
    title = "Designing a 20-residue protein",
    volume = "9",
    copyright = "2002 Nature Publishing Group",
    issn = "1072-8368",
    url = "https://doi.org/10.1038/nsb798",
    doi = "10.1038/nsb798",
    language = "en",
    number = "6",
    urldate = "2023-03-01",
    journal = "Nature Structural Biology",
    month = "June",
    year = "2002",
    keywords = "Biochemistry, Biological Microscopy, general, Life Sciences, Membrane Biology, Protein Structure",
    pages = "425--430"
}

@article{mccammon_dynamics_1977,
    author = "McCammon, J. Andrew and Gelin, Bruce R. and Karplus, Martin",
    title = "Dynamics of folded proteins",
    volume = "267",
    copyright = "1977 Nature Publishing Group",
    issn = "0028-0836",
    url = "https://doi.org/10.1038/267585a0",
    doi = "10.1038/267585a0",
    language = "en",
    number = "5612",
    urldate = "2023-03-01",
    journal = "Nature",
    month = "June",
    year = "1977",
    keywords = "Humanities and Social Sciences, multidisciplinary, Science",
    pages = "585--590"
}

@article{mackerell_all-atom_1998,
    author = "MacKerell, A. D. and Bashford, D. and Bellott, M. and Dunbrack, R. L. and Evanseck, J. D. and Field, M. J. and Fischer, S. and Gao, J. and Guo, H. and Ha, S. and Joseph-McCarthy, D. and Kuchnir, L. and Kuczera, K. and Lau, F. T. K. and Mattos, C. and Michnick, S. and Ngo, T. and Nguyen, D. T. and Prodhom, B. and Reiher, W. E. and Roux, B. and Schlenkrich, M. and Smith, J. C. and Stote, R. and Straub, J. and Watanabe, M. and Wiórkiewicz-Kuczera, J. and Yin, D. and Karplus, M.",
    title = "All-Atom Empirical Potential for Molecular Modeling and Dynamics Studies of Proteins",
    volume = "102",
    issn = "1520-6106",
    url = "https://doi.org/10.1021/jp973084f",
    doi = "10.1021/jp973084f",
    number = "18",
    urldate = "2023-03-01",
    journal = "The Journal of Physical Chemistry B",
    month = "April",
    year = "1998",
    pages = "3586--3616"
}

@article{li_nmr-based_2010,
    author = "Li, Da-Wei and Brüschweiler, Rafael",
    title = "NMR-Based Protein Potentials",
    volume = "49",
    issn = "1433-7851",
    url = "https://doi.org/10.1002/anie.201001898",
    doi = "10.1002/anie.201001898",
    number = "38",
    urldate = "2023-03-01",
    journal = "Angewandte Chemie International Edition",
    year = "2010",
    keywords = "molecular dynamics, proteins, NMR spectroscopy, structural dynamics, conformation analysis, Konformationsanalyse, Moleküldynamik, NMR-Spektroskopie, Proteine, Strukturaufklärung",
    pages = "6778--6780"
}

@article{wuthrich_pseudo-structures_1983,
    author = "Wüthrich, K. and Billeter, M. and Braun, W.",
    title = "Pseudo-structures for the 20 common amino acids for use in studies of protein conformations by measurements of intramolecular proton-proton distance constraints with nuclear magnetic resonance",
    volume = "169",
    issn = "0022-2836",
    url = "https://doi.org/10.1016/s0022-2836(83)80144-2",
    doi = "10.1016/s0022-2836(83)80144-2",
    language = "en",
    number = "4",
    urldate = "2023-02-28",
    journal = "Journal of Molecular Biology",
    month = "October",
    year = "1983",
    pages = "949--961"
}

@article{zweckstetter_nmr_2008,
    author = "Zweckstetter, Markus",
    title = "NMR: prediction of molecular alignment from structure using the PALES software",
    volume = "3",
    copyright = "2008 Nature Publishing Group",
    issn = "1754-2189",
    shorttitle = "{NMR}",
    url = "https://doi.org/10.1038/nprot.2008.36",
    doi = "10.1038/nprot.2008.36",
    language = "en",
    number = "4",
    urldate = "2023-02-28",
    journal = "Nature Protocols",
    month = "April",
    year = "2008",
    keywords = "general, Life Sciences, Analytical Chemistry, Biological Techniques, Computational Biology/Bioinformatics, Microarrays, Organic Chemistry",
    pages = "679--690"
}

@article{best_balanced_2014,
    author = "Best, Robert B. and Zheng, Wenwei and Mittal, Jeetain",
    title = "Balanced Protein–Water Interactions Improve Properties of Disordered Proteins and Non-Specific Protein Association",
    volume = "10",
    issn = "1549-9618",
    url = "https://doi.org/10.1021/ct500569b",
    doi = "10.1021/ct500569b",
    number = "11",
    urldate = "2023-02-27",
    journal = "Journal of Chemical Theory and Computation",
    month = "November",
    year = "2014",
    pages = "5113--5124"
}

@article{piana_how_2011,
    author = "Piana, Stefano and Lindorff-Larsen, Kresten and Shaw, David E.",
    title = "How Robust Are Protein Folding Simulations with Respect to Force Field Parameterization?",
    volume = "100",
    issn = "0006-3495",
    url = "https://doi.org/10.1016/j.bpj.2011.03.051",
    doi = "10.1016/j.bpj.2011.03.051",
    language = "en",
    number = "9",
    urldate = "2023-02-27",
    journal = "Biophysical Journal",
    month = "May",
    year = "2011",
    pages = "L47--L49"
}

@article{beauchamp_are_2012,
    author = "Beauchamp, Kyle A. and Lin, Yu-Shan and Das, Rhiju and Pande, Vijay S.",
    title = "Are Protein Force Fields Getting Better? A Systematic Benchmark on 524 Diverse NMR Measurements",
    volume = "8",
    issn = "1549-9618",
    shorttitle = "Are {Protein} {Force} {Fields} {Getting} {Better}?",
    url = "https://doi.org/10.1021/ct2007814",
    doi = "10.1021/ct2007814",
    number = "4",
    urldate = "2023-02-27",
    journal = "Journal of Chemical Theory and Computation",
    month = "April",
    year = "2012",
    pages = "1409--1414"
}

@article{best_are_2008,
    author = "Best, Robert B. and Buchete, Nicolae-Viorel and Hummer, Gerhard",
    title = "Are Current Molecular Dynamics Force Fields too Helical?",
    volume = "95",
    issn = "0006-3495",
    url = "https://doi.org/10.1529/biophysj.108.132696",
    doi = "10.1529/biophysj.108.132696",
    language = "en",
    number = "1",
    urldate = "2023-02-27",
    journal = "Biophysical Journal",
    month = "July",
    year = "2008",
    pages = "L07--L09"
}

@article{graf_structure_2007,
    author = "Graf, Jürgen and Nguyen, Phuong H. and Stock, Gerhard and Schwalbe, Harald",
    title = "Structure and Dynamics of the Homologous Series of Alanine Peptides:  A Joint Molecular Dynamics/NMR Study",
    volume = "129",
    issn = "0002-7863",
    shorttitle = "Structure and {Dynamics} of the {Homologous} {Series} of {Alanine} {Peptides}",
    url = "https://doi.org/10.1021/ja0660406",
    doi = "10.1021/ja0660406",
    number = "5",
    urldate = "2023-02-27",
    journal = "Journal of the American Chemical Society",
    month = "February",
    year = "2007",
    pages = "1179--1189"
}

@article{barfield_structural_2002,
    author = "Barfield, Michael",
    title = "Structural Dependencies of Interresidue Scalar Coupling h3JNC‘ and Donor 1H Chemical Shifts in the Hydrogen Bonding Regions of Proteins",
    volume = "124",
    issn = "0002-7863",
    url = "https://doi.org/10.1021/ja012674v",
    doi = "10.1021/ja012674v",
    number = "15",
    urldate = "2023-02-27",
    journal = "Journal of the American Chemical Society",
    month = "April",
    year = "2002",
    pages = "4158--4168"
}

@article{chou_insights_2003,
    author = "Chou, James J. and Case, David A. and Bax, Ad",
    title = "Insights into the Mobility of Methyl-Bearing Side Chains in Proteins from 3JCC and 3JCN Couplings",
    volume = "125",
    issn = "0002-7863",
    url = "https://doi.org/10.1021/ja029972s",
    doi = "10.1021/ja029972s",
    number = "29",
    urldate = "2023-02-27",
    journal = "Journal of the American Chemical Society",
    month = "July",
    year = "2003",
    pages = "8959--8966"
}

@article{perez_self-consistent_2001,
    author = "Pérez, Carlos and Löhr, Frank and Rüterjans, Heinz and Schmidt, Jürgen M.",
    title = "Self-Consistent Karplus Parametrization of 3J Couplings Depending on the Polypeptide Side-Chain Torsion χ1",
    volume = "123",
    issn = "0002-7863",
    url = "https://doi.org/10.1021/ja003724j",
    doi = "10.1021/ja003724j",
    number = "29",
    urldate = "2023-02-27",
    journal = "Journal of the American Chemical Society",
    month = "July",
    year = "2001",
    pages = "7081--7093"
}

@article{gapsys_improved_2015,
    author = "Gapsys, Vytautas and Narayanan, Raghavendran L. and Xiang, ShengQi and de Groot, Bert L. and Zweckstetter, Markus",
    title = "Improved validation of IDP ensembles by one-bond Cα–Hα scalar couplings",
    volume = "63",
    issn = "0925-2738",
    url = "https://doi.org/10.1007/s10858-015-9990-z",
    doi = "10.1007/s10858-015-9990-z",
    language = "en",
    number = "3",
    urldate = "2023-02-27",
    journal = "Journal of Biomolecular NMR",
    month = "November",
    year = "2015",
    keywords = "NMR, Ensemble, Intrinsically disordered protein, Scalar coupling",
    pages = "299--307"
}

@article{cornilescu_large_2000,
    author = "Cornilescu, Gabriel and Bax, Ad and Case, David A.",
    title = "Large Variations in One-Bond 13Cα−13Cβ J Couplings in Polypeptides Correlate with Backbone Conformation",
    volume = "122",
    issn = "0002-7863",
    url = "https://doi.org/10.1021/ja993609c",
    doi = "10.1021/ja993609c",
    number = "10",
    urldate = "2023-02-27",
    journal = "Journal of the American Chemical Society",
    month = "March",
    year = "2000",
    pages = "2168--2171"
}

@article{vuister_use_1993,
    author = "Vuister, GeertenW. and Delaglio, Frank and Bax, Ad",
    title = "The use of 1JCαHα coupling constants as a probe for protein backbone conformation",
    volume = "3",
    issn = "0925-2738",
    url = "https://doi.org/10.1007/bf00242476",
    doi = "10.1007/bf00242476",
    language = "en",
    number = "1",
    urldate = "2023-02-27",
    journal = "Journal of Biomolecular NMR",
    month = "January",
    year = "1993",
    keywords = "Secondary structure, 13C enrichment, Calmodulin, One-bond coupling, Protein backbone",
    pages = "67--80"
}

@article{schmidt_self-consistent_1999,
    author = "Schmidt, Jürgen M. and Blümel, Markus and Löhr, Frank and Rüterjans, Heinz",
    title = "Self-consistent 3J coupling analysis for the joint calibration of Karplus coefficients and evaluation of torsion angles",
    volume = "14",
    issn = "0925-2738",
    url = "https://doi.org/10.1023/a:1008345303942",
    doi = "10.1023/a:1008345303942",
    language = "en",
    number = "1",
    urldate = "2023-02-27",
    journal = "Journal of Biomolecular NMR",
    month = "May",
    year = "1999",
    keywords = "cross validation, data redundance, vicinal coupling constants, φ torsion angle",
    pages = "1--12"
}

@article{brueschweiler_adding_1994,
    author = "Brueschweiler, R. and Case, D. A.",
    title = "Adding Harmonic Motion to the Karplus Relation for Spin-Spin Coupling",
    volume = "116",
    issn = "0002-7863",
    url = "https://doi.org/10.1021/ja00103a062",
    doi = "10.1021/ja00103a062",
    number = "24",
    urldate = "2023-02-27",
    journal = "Journal of the American Chemical Society",
    month = "November",
    year = "1994",
    pages = "11199--11200"
}

@article{lee_quantitative_2015,
    author = "Lee, Jung Ho and Li, Fang and Grishaev, Alexander and Bax, Ad",
    title = "Quantitative Residue-Specific Protein Backbone Torsion Angle Dynamics from Concerted Measurement of 3J Couplings",
    volume = "137",
    issn = "0002-7863",
    url = "https://doi.org/10.1021/ja512593s",
    doi = "10.1021/ja512593s",
    number = "4",
    urldate = "2023-02-27",
    journal = "Journal of the American Chemical Society",
    month = "February",
    year = "2015",
    pages = "1432--1435"
}

@article{li_high_2015,
    author = "Li, Fang and Lee, Jung Ho and Grishaev, Alexander and Ying, Jinfa and Bax, Ad",
    title = "High Accuracy of Karplus Equations for Relating Three-Bond J Couplings to Protein Backbone Torsion Angles",
    volume = "16",
    issn = "1439-4235",
    url = "https://doi.org/10.1002/cphc.201402704",
    doi = "10.1002/cphc.201402704",
    language = "en",
    number = "3",
    urldate = "2023-02-27",
    journal = "ChemPhysChem",
    year = "2015",
    keywords = "protein structure, NMR spectroscopy, backbone torsion angles, DFT calculations, Karplus equation",
    pages = "572--578"
}

@article{wang_quantum_2013,
    author = "Wang, Bing and He, Xiao and Merz, Kenneth M.",
    title = "Quantum Mechanical Study of Vicinal J Spin–Spin Coupling Constants for the Protein Backbone",
    volume = "9",
    issn = "1549-9618",
    url = "https://doi.org/10.1021/ct400631b",
    doi = "10.1021/ct400631b",
    number = "10",
    urldate = "2023-02-27",
    journal = "Journal of Chemical Theory and Computation",
    month = "October",
    year = "2013",
    pages = "4653--4659"
}

@article{lindorff-larsen_interpreting_2005,
    author = "Lindorff-Larsen, Kresten and Best, Robert B. and Vendruscolo, Michele",
    title = "Interpreting Dynamically-Averaged Scalar Couplings in Proteins",
    volume = "32",
    issn = "0925-2738",
    url = "https://doi.org/10.1007/s10858-005-8873-0",
    doi = "10.1007/s10858-005-8873-0",
    language = "en",
    number = "4",
    urldate = "2023-02-27",
    journal = "Journal of Biomolecular NMR",
    month = "August",
    year = "2005",
    keywords = "protein dynamics, protein structure, Karplus relationship, scalar couplings",
    pages = "273--280"
}

@article{case_static_2000,
    author = "Case, David A. and Scheurer, Christoph and Brüschweiler, Rafael",
    title = "Static and Dynamic Effects on Vicinal Scalar J Couplings in Proteins and Peptides:  A MD/DFT Analysis",
    volume = "122",
    issn = "0002-7863",
    shorttitle = "Static and {Dynamic} {Effects} on {Vicinal} {Scalar} {J} {Couplings} in {Proteins} and {Peptides}",
    url = "https://doi.org/10.1021/ja001798p",
    doi = "10.1021/ja001798p",
    number = "42",
    urldate = "2023-02-27",
    journal = "Journal of the American Chemical Society",
    month = "October",
    year = "2000",
    pages = "10390--10397"
}

@incollection{altona_vicinal_2007,
    author = "Altona, Cornelis",
    title = "Vicinal {Coupling} {Constants} and {Conformation} of {Biomolecules}",
    isbn = "978-0-470-03459-0",
    url = "https://onlinelibrary.wiley.com/doi/abs/10.1002/9780470034590.emrstm0587",
    language = "en",
    urldate = "2023-02-27",
    booktitle = "{eMagRes}",
    publisher = "John Wiley \& Sons, Ltd",
    year = "2007",
    doi = "10.1002/9780470034590.emrstm0587",
}

@article{pardi_calibration_1984,
    author = "Pardi, A. and Billeter, M. and Wüthrich, K.",
    title = "Calibration of the angular dependence of the amide proton-Cα proton coupling constants, 3JHNα, in a globular protein: Use of 3JHNα for identification of helical secondary structure",
    volume = "180",
    issn = "0022-2836",
    shorttitle = "Calibration of the angular dependence of the amide proton-{Cα} proton coupling constants, {3JHNα}, in a globular protein",
    url = "https://doi.org/10.1016/0022-2836(84)90035-4",
    doi = "10.1016/0022-2836(84)90035-4",
    language = "en",
    number = "3",
    urldate = "2023-02-27",
    journal = "Journal of Molecular Biology",
    month = "December",
    year = "1984",
    pages = "741--751"
}

@article{wang_determination_1996,
    author = "Wang, Andy C. and Bax, Ad",
    title = "Determination of the Backbone Dihedral Angles φ in Human Ubiquitin from Reparametrized Empirical Karplus Equations",
    volume = "118",
    issn = "0002-7863",
    url = "https://doi.org/10.1021/ja9535524",
    doi = "10.1021/ja9535524",
    number = "10",
    urldate = "2023-02-27",
    journal = "Journal of the American Chemical Society",
    month = "January",
    year = "1996",
    pages = "2483--2494"
}

@article{vogeli_limits_2007,
    author = "Vögeli, Beat and Ying, Jinfa and Grishaev, Alexander and Bax, Ad",
    title = "Limits on Variations in Protein Backbone Dynamics from Precise Measurements of Scalar Couplings",
    volume = "129",
    issn = "0002-7863",
    url = "https://doi.org/10.1021/ja070324o",
    doi = "10.1021/ja070324o",
    number = "30",
    urldate = "2023-02-27",
    journal = "Journal of the American Chemical Society",
    month = "August",
    year = "2007",
    pages = "9377--9385"
}

@article{haasnoot_relationship_1980,
    author = "Haasnoot, C.A.G. and de Leeuw, F.A.A.M. and Altona, C.",
    title = "The relationship between proton-proton NMR coupling constants and substituent electronegativities—I: An empirical generalization of the karplus equation",
    volume = "36",
    issn = "0040-4020",
    shorttitle = "The relationship between proton-proton {NMR} coupling constants and substituent electronegativities—{I}",
    url = "https://doi.org/10.1016/0040-4020(80)80155-4",
    doi = "10.1016/0040-4020(80)80155-4",
    language = "en",
    number = "19",
    urldate = "2023-02-27",
    journal = "Tetrahedron",
    month = "January",
    year = "1980",
    pages = "2783--2792"
}

@article{bystrov_spinspin_1976,
    author = "Bystrov, V.F.",
    title = "Spin—spin coupling and the conformational states of peptide systems",
    volume = "10",
    issn = "0079-6565",
    url = "https://doi.org/10.1016/0079-6565(76)80001-5",
    doi = "10.1016/0079-6565(76)80001-5",
    language = "en",
    number = "2",
    urldate = "2023-02-27",
    journal = "Progress in Nuclear Magnetic Resonance Spectroscopy",
    month = "January",
    year = "1976",
    pages = "41--82"
}

@article{karplus_vicinal_1963,
    author = "Karplus, Martin.",
    title = "Vicinal Proton Coupling in Nuclear Magnetic Resonance",
    volume = "85",
    issn = "0002-7863",
    url = "https://doi.org/10.1021/ja00901a059",
    doi = "10.1021/ja00901a059",
    number = "18",
    urldate = "2023-02-27",
    journal = "Journal of the American Chemical Society",
    month = "September",
    year = "1963",
    pages = "2870--2871"
}

@article{shrestha_full_2021,
    author = "Shrestha, Utsab R. and Smith, Jeremy C. and Petridis, Loukas",
    title = "Full structural ensembles of intrinsically disordered proteins from unbiased molecular dynamics simulations",
    volume = "4",
    copyright = "2021 This is a U.S. government work and not under copyright protection in the U.S.; foreign copyright protection may apply",
    issn = "2399-3642",
    url = "https://doi.org/10.1038/s42003-021-01759-1",
    doi = "10.1038/s42003-021-01759-1",
    language = "en",
    number = "1",
    urldate = "2023-02-27",
    journal = "Communications Biology",
    month = "February",
    year = "2021",
    keywords = "SAXS, Computational biophysics, Intrinsically disordered proteins",
    pages = "1--8"
}

@article{wood_secondary_2011,
    author = "Wood, Geoffrey P. F. and Rothlisberger, Ursula",
    title = "Secondary Structure Assignment of Amyloid-β Peptide Using Chemical Shifts",
    volume = "7",
    issn = "1549-9618",
    url = "https://doi.org/10.1021/ct200156e",
    doi = "10.1021/ct200156e",
    number = "5",
    urldate = "2023-02-27",
    journal = "Journal of Chemical Theory and Computation",
    month = "May",
    year = "2011",
    pages = "1552--1563"
}

@article{sahakyan_using_2011,
    author = "Sahakyan, Aleksandr B. and Vranken, Wim F. and Cavalli, Andrea and Vendruscolo, Michele",
    title = "Using Side-Chain Aromatic Proton Chemical Shifts for a Quantitative Analysis of Protein Structures",
    volume = "123",
    issn = "0044-8249",
    url = "https://doi.org/10.1002/ange.201101641",
    doi = "10.1002/ange.201101641",
    number = "41",
    urldate = "2023-02-27",
    journal = "Angewandte Chemie",
    year = "2011",
    keywords = "Peptide, Konformationsanalyse, NMR-Spektroskopie, Chemische Verschiebungen, Proteinstrukturen",
    pages = "9794--9797"
}

@article{sahakyan_structure-based_2011,
    author = "Sahakyan, Aleksandr B. and Vranken, Wim F. and Cavalli, Andrea and Vendruscolo, Michele",
    title = "Structure-based prediction of methyl chemical shifts in proteins",
    volume = "50",
    issn = "0925-2738",
    url = "https://doi.org/10.1007/s10858-011-9524-2",
    doi = "10.1007/s10858-011-9524-2",
    language = "en",
    number = "4",
    urldate = "2023-02-27",
    journal = "Journal of Biomolecular NMR",
    month = "August",
    year = "2011",
    keywords = "Chemical shift prediction, Methyl groups, Protein side-chains, Random coil",
    pages = "331--346"
}

@article{mulder_nmr_2010,
    author = "Mulder, Frans A. A. and Filatov, Michael",
    title = "NMR chemical shift data and ab initio shielding calculations: emerging tools for protein structure determination",
    volume = "39",
    issn = "0306-0012",
    shorttitle = "{NMR} chemical shift data and ab initio shielding calculations",
    url = "https://doi.org/10.1039/b811366c",
    doi = "10.1039/b811366c",
    language = "en",
    number = "2",
    urldate = "2023-02-27",
    journal = "Chem. Soc. Rev.",
    month = "January",
    year = "2010",
    pages = "578--590"
}

@article{fritz_determination_2018,
    author = "Fritz, Matthew and Quinn, Caitlin M. and Wang, Mingzhang and Hou, Guangjin and Lu, Xingyu and Koharudin, Leonardus M. I. and Struppe, Jochem and Case, David A. and Polenova, Tatyana and Gronenborn, Angela M.",
    title = "Determination of accurate backbone chemical shift tensors in microcrystalline proteins by integrating MAS NMR and QM/MM",
    volume = "20",
    issn = "1463-9076",
    url = "https://doi.org/10.1039/c8cp00647d",
    doi = "10.1039/c8cp00647d",
    language = "en",
    number = "14",
    urldate = "2023-02-27",
    journal = "Physical Chemistry Chemical Physics",
    month = "April",
    year = "2018",
    pages = "9543--9553"
}

@article{chandy_accurate_2020,
    author = "Chandy, Sruthy K. and Thapa, Bishnu and Raghavachari, Krishnan",
    title = "Accurate and cost-effective NMR chemical shift predictions for proteins using a molecules-in-molecules fragmentation-based method",
    volume = "22",
    issn = "1463-9076",
    url = "https://doi.org/10.1039/d0cp05064d",
    doi = "10.1039/d0cp05064d",
    language = "en",
    number = "47",
    urldate = "2023-02-27",
    journal = "Physical Chemistry Chemical Physics",
    month = "December",
    year = "2020",
    pages = "27781--27799"
}

@article{sumowski_sensitivity_2014,
    author = "Sumowski, Chris Vanessa and Hanni, Matti and Schweizer, Sabine and Ochsenfeld, Christian",
    title = "Sensitivity of ab Initio vs Empirical Methods in Computing Structural Effects on NMR Chemical Shifts for the Example of Peptides",
    volume = "10",
    issn = "1549-9618",
    url = "https://doi.org/10.1021/ct400713t",
    doi = "10.1021/ct400713t",
    number = "1",
    urldate = "2023-02-27",
    journal = "Journal of Chemical Theory and Computation",
    month = "January",
    year = "2014",
    pages = "122--133"
}

@article{frank_toward_2012,
    author = "Frank, Andrea and Möller, Heiko M. and Exner, Thomas E.",
    title = "Toward the Quantum Chemical Calculation of NMR Chemical Shifts of Proteins. 2. Level of Theory, Basis Set, and Solvents Model Dependence",
    volume = "8",
    issn = "1549-9618",
    url = "https://doi.org/10.1021/ct200913r",
    doi = "10.1021/ct200913r",
    number = "4",
    urldate = "2023-02-27",
    journal = "Journal of Chemical Theory and Computation",
    month = "April",
    year = "2012",
    pages = "1480--1492"
}

@article{case_using_2020,
    author = "Case, David A.",
    title = "Using quantum chemistry to estimate chemical shifts in biomolecules",
    volume = "267",
    issn = "0301-4622",
    url = "https://doi.org/10.1016/j.bpc.2020.106476",
    doi = "10.1016/j.bpc.2020.106476",
    language = "en",
    urldate = "2023-02-27",
    journal = "Biophysical Chemistry",
    month = "December",
    year = "2020",
    keywords = "Chemical shift NMR conformational averaging",
    pages = "106476"
}

@article{karplus_contact_1959,
    author = "Karplus, Martin",
    title = "Contact Electron-Spin Coupling of Nuclear Magnetic Moments",
    volume = "30",
    issn = "0021-9606",
    url = "https://doi.org/10.1063/1.1729860",
    doi = "10.1063/1.1729860",
    number = "1",
    urldate = "2023-02-27",
    journal = "The Journal of Chemical Physics",
    month = "January",
    year = "1959",
    pages = "11--15"
}

@article{allison_assessing_2012,
    author = "Allison, Jane R.",
    title = "Assessing and refining molecular dynamics simulations of proteins with nuclear magnetic resonance data",
    volume = "4",
    issn = "1867-2450",
    url = "https://doi.org/10.1007/s12551-012-0087-6",
    doi = "10.1007/s12551-012-0087-6",
    language = "en",
    number = "3",
    urldate = "2023-02-27",
    journal = "Biophysical Reviews",
    month = "September",
    year = "2012",
    keywords = "Molecular dynamics, Biomolecular simulation, Nuclear magnetic resonance, Protein",
    pages = "189--203"
}

@article{donald_salt_2011,
    author = "Donald, Jason E. and Kulp, Daniel W. and DeGrado, William F.",
    title = "Salt bridges: Geometrically specific, designable interactions",
    volume = "79",
    issn = "0887-3585",
    shorttitle = "Salt bridges",
    url = "https://doi.org/10.1002/prot.22927",
    doi = "10.1002/prot.22927",
    language = "en",
    number = "3",
    urldate = "2023-02-27",
    journal = "Proteins: Structure, Function, and Bioinformatics",
    year = "2011",
    keywords = "protein folding, protein structure, protein design, arginine, histidine, lysine, networked salt bridges, protein stability, side chain rotamers, structural bioinformatics",
    pages = "898--915"
}

@article{lifson_theory_1961,
    author = "Lifson, Shneior and Roig, A.",
    title = "On the Theory of Helix—Coil Transition in Polypeptides",
    volume = "34",
    issn = "0021-9606",
    url = "https://doi.org/10.1063/1.1731802",
    doi = "10.1063/1.1731802",
    number = "6",
    urldate = "2023-02-27",
    journal = "The Journal of Chemical Physics",
    month = "June",
    year = "1961",
    pages = "1963--1974"
}

@article{shalongo_distribution_1994,
    author = "Shalongo, William and Dugad, Laxmichand and Stellwagen, Earle",
    title = "Distribution of Helicity within the Model Peptide Acetyl(AAQAA)3amide",
    volume = "116",
    issn = "0002-7863",
    url = "https://doi.org/10.1021/ja00097a039",
    doi = "10.1021/ja00097a039",
    number = "18",
    urldate = "2023-02-27",
    journal = "Journal of the American Chemical Society",
    month = "September",
    year = "1994",
    pages = "8288--8293"
}

@article{schwalbe_predictive_2014,
    author = "Schwalbe, Martin and Ozenne, Valéry and Bibow, Stefan and Jaremko, Mariusz and Jaremko, Lukasz and Gajda, Michal and Jensen, Malene Ringkjøbing and Biernat, Jacek and Becker, Stefan and Mandelkow, Eckhard and Zweckstetter, Markus and Blackledge, Martin",
    title = "Predictive Atomic Resolution Descriptions of Intrinsically Disordered hTau40 and α-Synuclein in Solution from NMR and Small Angle Scattering",
    volume = "22",
    issn = "0969-2126",
    url = "https://doi.org/10.1016/j.str.2013.10.020",
    doi = "10.1016/j.str.2013.10.020",
    language = "en",
    number = "2",
    urldate = "2023-02-27",
    journal = "Structure",
    month = "February",
    year = "2014",
    pages = "238--249"
}

@article{salmon_nmr_2010,
    author = "Salmon, Loïc and Nodet, Gabrielle and Ozenne, Valéry and Yin, Guowei and Jensen, Malene Ringkjøbing and Zweckstetter, Markus and Blackledge, Martin",
    title = "NMR Characterization of Long-Range Order in Intrinsically Disordered Proteins",
    volume = "132",
    issn = "0002-7863",
    url = "https://doi.org/10.1021/ja101645g",
    doi = "10.1021/ja101645g",
    number = "24",
    urldate = "2023-02-27",
    journal = "Journal of the American Chemical Society",
    month = "June",
    year = "2010",
    pages = "8407--8418"
}

@article{ulrich_biomagresbank_2008,
    author = "Ulrich, E. L. and Akutsu, H. and Doreleijers, J. F. and Harano, Y. and Ioannidis, Y. E. and Lin, J. and Livny, M. and Mading, S. and Maziuk, D. and Miller, Z. and Nakatani, E. and Schulte, C. F. and Tolmie, D. E. and Kent Wenger, R. and Yao, H. and Markley, J. L.",
    title = "BioMagResBank",
    volume = "36",
    issn = "0305-1048",
    url = "https://doi.org/10.1093/nar/gkm957",
    doi = "10.1093/nar/gkm957",
    number = "Database",
    urldate = "2023-02-27",
    journal = "Nucleic Acids Research",
    month = "January",
    year = "2007",
    pages = "D402--D408"
}

@incollection{romero_biomagresbank_2020,
    author = "Romero, Pedro R. and Kobayashi, Naohiro and Wedell, Jonathan R. and Baskaran, Kumaran and Iwata, Takeshi and Yokochi, Masashi and Maziuk, Dimitri and Yao, Hongyang and Fujiwara, Toshimichi and Kurusu, Genji and Ulrich, Eldon L. and Hoch, Jeffrey C. and Markley, John L.",
    editor = "Gáspári, Zoltán",
    address = "New York, NY",
    series = "Methods in {Molecular} {Biology}",
    title = "{BioMagResBank} ({BMRB}) as a {Resource} for {Structural} {Biology}",
    isbn = "978-1-07-160270-6",
    url = "https://doi.org/10.1007/978-1-0716-0270-6\_14",
    language = "en",
    urldate = "2023-02-27",
    booktitle = "Structural {Bioinformatics}: {Methods} and {Protocols}",
    publisher = "Springer US",
    year = "2020",
    doi = "10.1007/978-1-0716-0270-6\_14",
    keywords = "Visualization, Analysis, BioMagResBank, BMRB, Data formats, Deposition, NMR data, NMR spectra, NMR-STAR, PDB, Python, R, Retrieval, Search, Structures, Time-domain data",
    pages = "187--218"
}

@article{schwarzinger_sequence-dependent_2001,
    author = "Schwarzinger, Stephan and Kroon, Gerard J. A. and Foss, Ted R. and Chung, John and Wright, Peter E. and Dyson, H. Jane",
    title = "Sequence-Dependent Correction of Random Coil NMR Chemical Shifts",
    volume = "123",
    issn = "0002-7863",
    url = "https://doi.org/10.1021/ja003760i",
    doi = "10.1021/ja003760i",
    number = "13",
    urldate = "2023-02-27",
    journal = "Journal of the American Chemical Society",
    month = "April",
    year = "2001",
    pages = "2970--2978"
}

@article{kjaergaard_sequence_2011,
    author = "Kjaergaard, Magnus and Poulsen, Flemming M.",
    title = "Sequence correction of random coil chemical shifts: correlation between neighbor correction factors and changes in the Ramachandran distribution",
    volume = "50",
    issn = "0925-2738",
    shorttitle = "Sequence correction of random coil chemical shifts",
    url = "https://doi.org/10.1007/s10858-011-9508-2",
    doi = "10.1007/s10858-011-9508-2",
    language = "en",
    number = "2",
    urldate = "2023-02-27",
    journal = "Journal of Biomolecular NMR",
    month = "June",
    year = "2011",
    keywords = "Peptide, Conformational ensemble, Natively unfolded protein, Secondary chemical shift analysis, Transient helix",
    pages = "157--165"
}

@article{de_simone_accurate_2009,
    author = "De Simone, Alfonso and Cavalli, Andrea and Hsu, Shang-Te Danny and Vranken, Wim and Vendruscolo, Michele",
    title = "Accurate Random Coil Chemical Shifts from an Analysis of Loop Regions in Native States of Proteins",
    volume = "131",
    issn = "0002-7863",
    url = "https://doi.org/10.1021/ja904937a",
    doi = "10.1021/ja904937a",
    number = "45",
    urldate = "2023-02-27",
    journal = "Journal of the American Chemical Society",
    month = "November",
    year = "2009",
    pages = "16332--16333"
}

@article{tamiola_sequence-specific_2010,
    author = "Tamiola, Kamil and Acar, Burçin and Mulder, Frans A. A.",
    title = "Sequence-Specific Random Coil Chemical Shifts of Intrinsically Disordered Proteins",
    volume = "132",
    issn = "0002-7863",
    url = "https://doi.org/10.1021/ja105656t",
    doi = "10.1021/ja105656t",
    number = "51",
    urldate = "2023-02-27",
    journal = "Journal of the American Chemical Society",
    month = "December",
    year = "2010",
    pages = "18000--18003"
}

@article{choy_calculation_2001,
    author = "Choy, Wing-Yiu and Forman-Kay, Julie D.",
    title = "Calculation of ensembles of structures representing the unfolded state of an SH3 domain",
    volume = "308",
    issn = "0022-2836",
    url = "https://doi.org/10.1006/jmbi.2001.4750",
    doi = "10.1006/jmbi.2001.4750",
    language = "en",
    number = "5",
    urldate = "2023-02-27",
    journal = "Journal of Molecular Biology",
    month = "May",
    year = "2001",
    keywords = "NMR, SH3 domain, structure calculations, unfolded state ensemble",
    pages = "1011--1032"
}

@article{jensen_defining_2010,
    author = "Jensen, Malene Ringkjøbing and Salmon, Loïc and Nodet, Gabrielle and Blackledge, Martin",
    title = "Defining Conformational Ensembles of Intrinsically Disordered and Partially Folded Proteins Directly from Chemical Shifts",
    volume = "132",
    issn = "0002-7863",
    url = "https://doi.org/10.1021/ja909973n",
    doi = "10.1021/ja909973n",
    number = "4",
    urldate = "2023-02-27",
    journal = "Journal of the American Chemical Society",
    month = "February",
    year = "2010",
    pages = "1270--1272"
}

@article{camilloni_statistical_2014,
    author = "Camilloni, Carlo and Vendruscolo, Michele",
    title = "Statistical Mechanics of the Denatured State of a Protein Using Replica-Averaged Metadynamics",
    volume = "136",
    issn = "0002-7863",
    url = "https://doi.org/10.1021/ja5027584",
    doi = "10.1021/ja5027584",
    number = "25",
    urldate = "2023-02-27",
    journal = "Journal of the American Chemical Society",
    month = "June",
    year = "2014",
    pages = "8982--8991"
}

@article{camilloni_assessment_2013,
    author = "Camilloni, Carlo and Cavalli, Andrea and Vendruscolo, Michele",
    title = "Assessment of the Use of NMR Chemical Shifts as Replica-Averaged Structural Restraints in Molecular Dynamics Simulations to Characterize the Dynamics of Proteins",
    volume = "117",
    issn = "1520-6106",
    url = "https://doi.org/10.1021/jp3106666",
    doi = "10.1021/jp3106666",
    number = "6",
    urldate = "2023-02-27",
    journal = "The Journal of Physical Chemistry B",
    month = "February",
    year = "2013",
    pages = "1838--1843"
}

@article{camilloni_characterization_2012,
    author = "Camilloni, Carlo and Robustelli, Paul and Simone, Alfonso De and Cavalli, Andrea and Vendruscolo, Michele",
    title = "Characterization of the Conformational Equilibrium between the Two Major Substates of RNase A Using NMR Chemical Shifts",
    volume = "134",
    issn = "0002-7863",
    url = "https://doi.org/10.1021/ja210951z",
    doi = "10.1021/ja210951z",
    number = "9",
    urldate = "2023-02-27",
    journal = "Journal of the American Chemical Society",
    month = "March",
    year = "2012",
    pages = "3968--3971"
}

@article{robustelli_conformational_2013,
    author = "Robustelli, Paul and Trbovic, Nikola and Friesner, Richard A. and Palmer, Arthur G.",
    title = "Conformational Dynamics of the Partially Disordered Yeast Transcription Factor GCN4",
    volume = "9",
    issn = "1549-9618",
    url = "https://doi.org/10.1021/ct400654r",
    doi = "10.1021/ct400654r",
    number = "11",
    urldate = "2023-02-27",
    journal = "Journal of Chemical Theory and Computation",
    month = "November",
    year = "2013",
    pages = "5190--5200"
}

@article{robustelli_interpreting_2012,
    author = "Robustelli, Paul and Stafford, Kate A. and Palmer, Arthur G.",
    title = "Interpreting Protein Structural Dynamics from NMR Chemical Shifts",
    volume = "134",
    issn = "0002-7863",
    url = "https://doi.org/10.1021/ja300265w",
    doi = "10.1021/ja300265w",
    number = "14",
    urldate = "2023-02-27",
    journal = "Journal of the American Chemical Society",
    month = "April",
    year = "2012",
    pages = "6365--6374"
}

@article{markwick_enhanced_2010,
    author = "Markwick, Phineus R. L. and Cervantes, Carla F. and Abel, Barrett L. and Komives, Elizabeth A. and Blackledge, Martin and McCammon, J. Andrew",
    title = "Enhanced Conformational Space Sampling Improves the Prediction of Chemical Shifts in Proteins",
    volume = "132",
    issn = "0002-7863",
    url = "https://doi.org/10.1021/ja9093692",
    doi = "10.1021/ja9093692",
    number = "4",
    urldate = "2023-02-27",
    journal = "Journal of the American Chemical Society",
    month = "February",
    year = "2010",
    pages = "1220--1221"
}

@article{li_certification_2010,
    author = "Li, Da-Wei and Brüschweiler, Rafael",
    title = "Certification of Molecular Dynamics Trajectories with NMR Chemical Shifts",
    volume = "1",
    url = "https://doi.org/10.1021/jz9001345",
    doi = "10.1021/jz9001345",
    number = "1",
    urldate = "2023-02-27",
    journal = "The Journal of Physical Chemistry Letters",
    month = "January",
    year = "2010",
    pages = "246--248",
    issn = "1948-7185"
}

@article{robustelli_folding_2009,
    author = "Robustelli, Paul and Cavalli, Andrea and Dobson, Christopher M. and Vendruscolo, Michele and Salvatella, Xavier",
    title = "Folding of Small Proteins by Monte Carlo Simulations with Chemical Shift Restraints without the Use of Molecular Fragment Replacement or Structural Homology",
    volume = "113",
    issn = "1520-6106",
    url = "https://doi.org/10.1021/jp900780b",
    doi = "10.1021/jp900780b",
    number = "22",
    urldate = "2023-02-27",
    journal = "The Journal of Physical Chemistry B",
    month = "June",
    year = "2009",
    pages = "7890--7896"
}

@article{robustelli_using_2010,
    author = "Robustelli, Paul and Kohlhoff, Kai and Cavalli, Andrea and Vendruscolo, Michele",
    title = "Using NMR Chemical Shifts as Structural Restraints in Molecular Dynamics Simulations of Proteins",
    volume = "18",
    issn = "0969-2126",
    url = "https://doi.org/10.1016/j.str.2010.04.016",
    doi = "10.1016/j.str.2010.04.016",
    language = "en",
    number = "8",
    urldate = "2023-02-27",
    journal = "Structure",
    month = "August",
    year = "2010",
    keywords = "PROTEINS",
    pages = "923--933"
}

@article{shen_consistent_2008,
    author = "Shen, Yang and Lange, Oliver and Delaglio, Frank and Rossi, Paolo and Aramini, James M. and Liu, Gaohua and Eletsky, Alexander and Wu, Yibing and Singarapu, Kiran K. and Lemak, Alexander and Ignatchenko, Alexandr and Arrowsmith, Cheryl H. and Szyperski, Thomas and Montelione, Gaetano T. and Baker, David and Bax, Ad",
    title = "Consistent blind protein structure generation from NMR chemical shift data",
    volume = "105",
    url = "https://doi.org/10.1073/pnas.0800256105",
    doi = "10.1073/pnas.0800256105",
    number = "12",
    urldate = "2023-02-27",
    journal = "Proceedings of the National Academy of Sciences",
    month = "March",
    year = "2008",
    pages = "4685--4690"
}

@article{wishart_cs23d_2008,
    author = "Wishart, D. S. and Arndt, D. and Berjanskii, M. and Tang, P. and Zhou, J. and Lin, G.",
    title = "CS23D: a web server for rapid protein structure generation using NMR chemical shifts and sequence data",
    volume = "36",
    issn = "0305-1048",
    shorttitle = "{CS23D}",
    url = "https://doi.org/10.1093/nar/gkn305",
    doi = "10.1093/nar/gkn305",
    number = "Web Server",
    urldate = "2023-02-27",
    journal = "Nucleic Acids Research",
    month = "July",
    year = "2008",
    pages = "W496--W502"
}

@article{cavalli_protein_2007,
    author = "Cavalli, Andrea and Salvatella, Xavier and Dobson, Christopher M. and Vendruscolo, Michele",
    title = "Protein structure determination from NMR chemical shifts",
    volume = "104",
    url = "https://doi.org/10.1073/pnas.0610313104",
    doi = "10.1073/pnas.0610313104",
    number = "23",
    urldate = "2023-02-27",
    journal = "Proceedings of the National Academy of Sciences",
    month = "June",
    year = "2007",
    pages = "9615--9620",
    issn = "0027-8424"
}

@article{meiler_proshift_2003,
    author = "Meiler, Jens",
    title = "PROSHIFT: Protein chemical shift prediction using artificial neural networks",
    volume = "26",
    issn = "0925-2738",
    shorttitle = "{PROSHIFT}",
    url = "https://doi.org/10.1023/a:1023060720156",
    doi = "10.1023/a:1023060720156",
    language = "en",
    number = "1",
    urldate = "2023-02-27",
    journal = "Journal of Biomolecular NMR",
    month = "May",
    year = "2003",
    keywords = "NMR, proteins, chemical shift prediction, neural networks",
    pages = "25--37"
}

@article{xu_automated_2001,
    author = "Xu, Xiao-Ping and Case, David A.",
    title = "Automated prediction of 15N, 13Cα, 13Cβ and 13C′ chemical shifts in proteins using a density functional database",
    volume = "21",
    issn = "0925-2738",
    url = "https://doi.org/10.1023/a:1013324104681",
    doi = "10.1023/a:1013324104681",
    language = "en",
    number = "4",
    urldate = "2023-02-27",
    journal = "Journal of Biomolecular NMR",
    month = "December",
    year = "2001",
    keywords = "Backbone Torsion, Calculated Chemical, Density Functional Calculation, Peptide Chemical, Regular Secondary Structure",
    pages = "321--333"
}

@article{yang_predicting_2021,
    author = "Yang, Ziyue and Chakraborty, Maghesree and White, Andrew D.",
    title = "Predicting chemical shifts with graph neural networks",
    volume = "12",
    url = "https://doi.org/10.1039/d1sc01895g",
    doi = "10.1039/d1sc01895g",
    language = "en",
    number = "32",
    urldate = "2023-02-27",
    journal = "Chemical Science",
    year = "2021",
    pages = "10802--10809",
    issn = "2041-6520"
}

@article{li_accurate_2020,
    author = "Li, Jie and Bennett, Kochise C. and Liu, Yuchen and Martin, Michael V. and Head-Gordon, Teresa",
    title = "Accurate prediction of chemical shifts for aqueous protein structure on “Real World” data",
    volume = "11",
    url = "https://doi.org/10.1039/c9sc06561j",
    doi = "10.1039/c9sc06561j",
    language = "en",
    number = "12",
    urldate = "2023-02-27",
    journal = "Chemical Science",
    year = "2020",
    pages = "3180--3191",
    issn = "2041-6520"
}

@article{kohlhoff_fast_2009,
    author = "Kohlhoff, Kai J. and Robustelli, Paul and Cavalli, Andrea and Salvatella, Xavier and Vendruscolo, Michele",
    title = "Fast and Accurate Predictions of Protein NMR Chemical Shifts from Interatomic Distances",
    volume = "131",
    issn = "0002-7863",
    url = "https://doi.org/10.1021/ja903772t",
    doi = "10.1021/ja903772t",
    number = "39",
    urldate = "2023-02-27",
    journal = "Journal of the American Chemical Society",
    month = "October",
    year = "2009",
    pages = "13894--13895"
}

@article{li_ppm_one_2015,
    author = "Li, Dawei and Brüschweiler, Rafael",
    title = "PPM\_One: a static protein structure based chemical shift predictor",
    volume = "62",
    issn = "0925-2738",
    shorttitle = "{PPM}\\_One",
    url = "https://doi.org/10.1007/s10858-015-9958-z",
    doi = "10.1007/s10858-015-9958-z",
    language = "en",
    number = "3",
    urldate = "2023-02-27",
    journal = "Journal of Biomolecular NMR",
    month = "July",
    year = "2015",
    keywords = "Backbone and side-chain chemical shifts, Database analysis, Neural network, Physics-based predictor, Protein chemical shift prediction",
    pages = "403--409"
}

@article{li_ppm_2012,
    author = "Li, Da-Wei and Brüschweiler, Rafael",
    title = "PPM: a side-chain and backbone chemical shift predictor for the assessment of protein conformational ensembles",
    volume = "54",
    issn = "0925-2738",
    shorttitle = "{PPM}",
    url = "https://doi.org/10.1007/s10858-012-9668-8",
    doi = "10.1007/s10858-012-9668-8",
    language = "en",
    number = "3",
    urldate = "2023-02-27",
    journal = "Journal of Biomolecular NMR",
    month = "November",
    year = "2012",
    keywords = "Protein backbone, NMR chemical shift prediction, Side-chain methyl groups",
    pages = "257--265"
}

@article{shen_sparta_2010,
    author = "Shen, Yang and Bax, Ad",
    title = "SPARTA+: a modest improvement in empirical NMR chemical shift prediction by means of an artificial neural network",
    volume = "48",
    issn = "0925-2738",
    shorttitle = "{SPARTA}+",
    url = "https://doi.org/10.1007/s10858-010-9433-9",
    doi = "10.1007/s10858-010-9433-9",
    language = "en",
    number = "1",
    urldate = "2023-02-27",
    journal = "Journal of Biomolecular NMR",
    month = "September",
    year = "2010",
    keywords = "Camshift, Electric field, Hydrogen bonding, SHIFTX, SPARTA, Structure database, Torsion angles",
    pages = "13--22"
}

@article{han_shiftx2_2011,
    author = "Han, Beomsoo and Liu, Yifeng and Ginzinger, Simon W. and Wishart, David S.",
    title = "SHIFTX2: significantly improved protein chemical shift prediction",
    volume = "50",
    issn = "0925-2738",
    shorttitle = "{SHIFTX2}",
    url = "https://doi.org/10.1007/s10858-011-9478-4",
    doi = "10.1007/s10858-011-9478-4",
    language = "en",
    number = "1",
    urldate = "2023-02-27",
    journal = "Journal of Biomolecular NMR",
    month = "May",
    year = "2011",
    keywords = "NMR, Machine learning, Protein, Chemical shift",
    pages = "43--57"
}

@incollection{wishart_12_1994,
    author = "Wishart, David S and Sykes, Brian D",
    series = "Nuclear {Magnetic} {Resonance}, {Part} {C}",
    title = "[12] {Chemical} shifts as a tool for structure determination",
    volume = "239",
    url = "https://www.sciencedirect.com/science/article/pii/S0076687994390142",
    language = "en",
    urldate = "2023-02-27",
    booktitle = "Methods in {Enzymology}",
    publisher = "Academic Press",
    month = "January",
    year = "1994",
    doi = "10.1016/S0076-6879(94)39014-2",
    pages = "363--392"
}

@article{neal_rapid_2003,
    author = "Neal, Stephen and Nip, Alex M. and Zhang, Haiyan and Wishart, David S.",
    title = "Rapid and accurate calculation of protein 1H, 13C and 15N chemical shifts",
    volume = "26",
    issn = "0925-2738",
    url = "https://doi.org/10.1023/a:1023812930288",
    doi = "10.1023/a:1023812930288",
    language = "en",
    number = "3",
    urldate = "2023-02-27",
    journal = "Journal of Biomolecular NMR",
    month = "July",
    year = "2003",
    keywords = "NMR, protein, calculation, chemical shift, data mining, prediction",
    pages = "215--240"
}

@incollection{wishart_1_2002,
    author = "Wishart, David S. and Case, David A.",
    editor = "James, Thomas L. and Dötsch, Volker and Schmitz, Uli",
    series = "Nuclear {Magnetic} {Resonance} of {Biological} {Macromolecules} {Part} {A}",
    title = "[1] - {Use} of {Chemical} {Shifts} in {Macromolecular} {Structure} {Determination}",
    volume = "338",
    url = "https://www.sciencedirect.com/science/article/pii/S0076687902382144",
    language = "en",
    urldate = "2023-02-27",
    booktitle = "Methods in {Enzymology}",
    publisher = "Academic Press",
    month = "January",
    year = "2002",
    doi = "10.1016/S0076-6879(02)38214-4",
    pages = "3--34"
}

@incollection{guvench_comparison_2008,
    author = "Guvench, Olgun and MacKerell, Alexander D.",
    editor = "Kukol, Andreas",
    address = "Totowa, NJ",
    series = "Methods {Molecular} {Biology}™",
    title = "Comparison of {Protein} {Force} {Fields} for {Molecular} {Dynamics} {Simulations}",
    isbn = "978-1-59745-177-2",
    url = "https://doi.org/10.1007/978-1-59745-177-2\_4",
    language = "en",
    urldate = "2023-03-01",
    booktitle = "Molecular {Modeling} of {Proteins}",
    publisher = "Humana Press",
    year = "2008",
    doi = "10.1007/978-1-59745-177-2\_4",
    keywords = "Amber, CHARMM, GROMOS, Molecular dynamics, Protein, OPLS-AA",
    pages = "63--88"
}

@article{fraser_accessing_2011,
    author = "Fraser, James S. and van den Bedem, Henry and Samelson, Avi J. and Lang, P. Therese and Holton, James M. and Echols, Nathaniel and Alber, Tom",
    title = "Accessing protein conformational ensembles using room-temperature X-ray crystallography",
    volume = "108",
    url = "https://doi.org/10.1073/pnas.1111325108",
    doi = "10.1073/pnas.1111325108",
    number = "39",
    urldate = "2023-02-28",
    journal = "Proceedings of the National Academy of Sciences",
    month = "September",
    year = "2011",
    pmid = "21918110",
    keywords = "energy landscape, protein conformational dynamics, qFit, Ringer",
    pages = "16247--16252"
}

@article{chen_ab_2018,
    author = "Chen, Po-chia and Hologne, Maggy and Walker, Olivier and Hennig, Janosch",
    title = "Ab Initio Prediction of NMR Spin Relaxation Parameters from Molecular Dynamics Simulations",
    volume = "14",
    issn = "1549-9618",
    doi = "10.1021/acs.jctc.7b00750",
    language = "eng",
    number = "2",
    journal = "Journal of Chemical Theory and Computation",
    month = "February",
    year = "2018",
    pmid = "29294268",
    pages = "1009--1019",
    url = "https://doi.org/10.1021/acs.jctc.7b00750"
}

@article{byrne_circular_2013,
    author = "Byrne, Aimee and Kier, Brandon L. and Williams, D. V. and Scian, Michele and Andersen, Niels H.",
    title = "Circular permutation of the Trp-cage: fold rescue upon addition of a hydrophobic staple",
    volume = "3",
    issn = "2046-2069",
    shorttitle = "Circular permutation of the {Trp}-cage",
    url = "https://doi.org/10.1039/c3ra43674h",
    doi = "10.1039/c3ra43674h",
    language = "en",
    number = "43",
    urldate = "2023-03-01",
    journal = "RSC Advances",
    month = "October",
    year = "2013",
    pages = "19824--19829"
}

@article{best_optimized_2009,
    author = "Best, Robert B. and Hummer, Gerhard",
    title = "Optimized Molecular Dynamics Force Fields Applied to the Helix−Coil Transition of Polypeptides",
    volume = "113",
    issn = "1520-6106",
    url = "https://doi.org/10.1021/jp901540t",
    doi = "10.1021/jp901540t",
    number = "26",
    urldate = "2023-02-27",
    journal = "The Journal of Physical Chemistry B",
    month = "July",
    year = "2009",
    pages = "9004--9015"
}

@article{ahmed_how_2018,
    author = "Ahmed, Mustapha Carab and Papaleo, Elena and Lindorff-Larsen, Kresten",
    title = "How well do force fields capture the strength of salt bridges in proteins?",
    volume = "6",
    issn = "2167-8359",
    url = "https://doi.org/10.7717/peerj.4967",
    doi = "10.7717/peerj.4967",
    language = "en",
    urldate = "2023-02-28",
    journal = "PeerJ",
    month = "June",
    year = "2018",
    pages = "e4967"
}

@article{hery_x-ray_1998,
    author = "Héry, Stéphanie and Genest, Daniel and Smith, Jeremy C.",
    title = "X-ray diffuse scattering and rigid-body motion in crystalline lysozyme probed by molecular dynamics simulation",
    volume = "279",
    issn = "0022-2836",
    url = "https://doi.org/10.1006/jmbi.1998.1754",
    doi = "10.1006/jmbi.1998.1754",
    language = "en",
    number = "1",
    urldate = "2023-02-28",
    journal = "Journal of Molecular Biology",
    month = "May",
    year = "1998",
    keywords = "protein dynamics, molecular dynamics simulation, lysozyme, X-ray crystallography, diffuse scattering",
    pages = "303--319"
}

@article{graham_reversing_2019,
    author = "Graham, Katherine A. and Byrne, Aimee and Son, Ruth and Andersen, Niels H.",
    title = "Reversing the typical pH stability profile of the Trp-cage",
    volume = "110",
    issn = "0006-3525",
    url = "https://doi.org/10.1002/bip.23260",
    doi = "10.1002/bip.23260",
    language = "en",
    number = "3",
    urldate = "2023-03-01",
    journal = "Biopolymers",
    year = "2019",
    keywords = "protein folding, miniproteins, Trp-cage",
    pages = "e23260"
}

@article{tian_ff19sb_2020,
    author = "Tian, Chuan and Kasavajhala, Koushik and Belfon, Kellon A. A. and Raguette, Lauren and Huang, He and Migues, Angela N. and Bickel, John and Wang, Yuzhang and Pincay, Jorge and Wu, Qin and Simmerling, Carlos",
    title = "ff19SB: Amino-Acid-Specific Protein Backbone Parameters Trained against Quantum Mechanics Energy Surfaces in Solution",
    volume = "16",
    issn = "1549-9618",
    shorttitle = "{ff19SB}",
    url = "https://doi.org/10.1021/acs.jctc.9b00591",
    doi = "10.1021/acs.jctc.9b00591",
    number = "1",
    urldate = "2023-03-01",
    journal = "Journal of Chemical Theory and Computation",
    month = "January",
    year = "2020",
    pages = "528--552"
}

@article{mackerell_jr_extending_2004,
    author = "Mackerell, Alexander D. and Feig, Michael and Brooks, Charles L.",
    title = "Extending the treatment of backbone energetics in protein force fields: Limitations of gas-phase quantum mechanics in reproducing protein conformational distributions in molecular dynamics simulations",
    volume = "25",
    issn = "0192-8651",
    shorttitle = "Extending the treatment of backbone energetics in protein force fields",
    url = "https://doi.org/10.1002/jcc.20065",
    doi = "10.1002/jcc.20065",
    language = "en",
    number = "11",
    urldate = "2023-03-01",
    journal = "Journal of Computational Chemistry",
    year = "2004",
    keywords = "CMAP, molecular dynamics, molecular mechanics, ab initio, empirical force field, dihedral angles",
    pages = "1400--1415"
}

@article{lindorff-larsen_improved_2010,
    author = "Lindorff-Larsen, Kresten and Piana, Stefano and Palmo, Kim and Maragakis, Paul and Klepeis, John L. and Dror, Ron O. and Shaw, David E.",
    title = "Improved side-chain torsion potentials for the Amber ff99SB protein force field",
    volume = "78",
    issn = "0887-3585",
    url = "https://doi.org/10.1002/prot.22711",
    doi = "10.1002/prot.22711",
    language = "en",
    number = "8",
    urldate = "2023-03-01",
    journal = "Proteins: Structure, Function, and Bioinformatics",
    year = "2010",
    keywords = "NMR, molecular mechanics, protein dynamics, molecular dynamics simulation, quantum mechanics, dihedral, rotamer, side chain",
    pages = "1950--1958"
}

@article{cornell_second_1995,
    author = "Cornell, Wendy D. and Cieplak, Piotr and Bayly, Christopher I. and Gould, Ian R. and Merz, Kenneth M. and Ferguson, David M. and Spellmeyer, David C. and Fox, Thomas and Caldwell, James W. and Kollman, Peter A.",
    title = "A Second Generation Force Field for the Simulation of Proteins, Nucleic Acids, and Organic Molecules",
    volume = "117",
    issn = "0002-7863",
    url = "https://doi.org/10.1021/ja00124a002",
    doi = "10.1021/ja00124a002",
    number = "19",
    urldate = "2023-03-01",
    journal = "Journal of the American Chemical Society",
    month = "May",
    year = "1995",
    pages = "5179--5197"
}

@article{jorgensen_opls_1988,
    author = "Jorgensen, William L. and Tirado-Rives, Julian",
    title = "The OPLS [optimized potentials for liquid simulations] potential functions for proteins, energy minimizations for crystals of cyclic peptides and crambin",
    volume = "110",
    issn = "0002-7863",
    url = "https://doi.org/10.1021/ja00214a001",
    doi = "10.1021/ja00214a001",
    number = "6",
    urldate = "2023-03-01",
    journal = "Journal of the American Chemical Society",
    month = "March",
    year = "1988",
    pages = "1657--1666"
}

@article{barua_trp-cage_2008,
    author = "Barua, B. and Lin, J. C. and Williams, V. D. and Kummler, P. and Neidigh, J. W. and Andersen, N. H.",
    title = "The Trp-cage: optimizing the stability of a globular miniprotein",
    volume = "21",
    issn = "1741-0126",
    shorttitle = "The {Trp}-cage",
    url = "https://doi.org/10.1093/protein/gzm082",
    doi = "10.1093/protein/gzm082",
    number = "3",
    urldate = "2023-02-28",
    journal = "Protein Engineering Design and Selection",
    month = "March",
    year = "2008",
    pages = "171--185"
}

@article{best_optimization_2012,
    author = "Best, Robert B. and Zhu, Xiao and Shim, Jihyun and Lopes, Pedro E. M. and Mittal, Jeetain and Feig, Michael and MacKerell, Alexander D.",
    title = "Optimization of the Additive CHARMM All-Atom Protein Force Field Targeting Improved Sampling of the Backbone φ, ψ and Side-Chain χ1 and χ2 Dihedral Angles",
    volume = "8",
    issn = "1549-9618",
    url = "https://doi.org/10.1021/ct300400x",
    doi = "10.1021/ct300400x",
    number = "9",
    urldate = "2023-02-27",
    journal = "Journal of Chemical Theory and Computation",
    month = "September",
    year = "2012",
    pages = "3257--3273"
}

@article{zhang_conformational_2013,
    author = "Zhang, Yingnan and Zhou, Lijuan and Rouge, Lionel and Phillips, Aaron H and Lam, Cynthia and Liu, Peter and Sandoval, Wendy and Helgason, Elizabeth and Murray, Jeremy M and Wertz, Ingrid E and Corn, Jacob E",
    title = "Conformational stabilization of ubiquitin yields potent and selective inhibitors of USP7",
    volume = "9",
    copyright = "2012 Nature Publishing Group, a division of Macmillan Publishers Limited. All Rights Reserved.",
    issn = "1552-4450",
    url = "https://doi.org/10.1038/nchembio.1134",
    doi = "10.1038/nchembio.1134",
    language = "en",
    number = "1",
    urldate = "2023-03-01",
    journal = "Nature Chemical Biology",
    month = "January",
    year = "2013",
    keywords = "Computational biology and bioinformatics, Molecular conformation, Ubiquitins",
    pages = "51--58"
}

@article{wych_molecular-dynamics_2023,
    author = "Wych, David C. and Aoto, Phillip C. and Vu, Lily and Wolff, Alexander M. and Mobley, David L. and Fraser, James S. and Taylor, Susan S. and Wall, Michael E.",
    title = "Molecular-dynamics simulation methods for macromolecular crystallography",
    volume = "79",
    copyright = "https://creativecommons.org/licenses/by/4.0/",
    issn = "2059-7983",
    url = "https://doi.org/10.1107/s2059798322011871",
    doi = "10.1107/s2059798322011871",
    language = "en",
    number = "1",
    urldate = "2023-03-01",
    journal = "Acta Crystallographica Section D Structural Biology",
    month = "January",
    year = "2023",
    pages = "50--65"
}

@article{robustelli_developing_2018,
    author = "Robustelli, Paul and Piana, Stefano and Shaw, David E.",
    title = "Developing a molecular dynamics force field for both folded and disordered protein states",
    volume = "115",
    url = "https://doi.org/10.1073/pnas.1800690115",
    doi = "10.1073/pnas.1800690115",
    number = "21",
    urldate = "2023-06-27",
    journal = "Proceedings of the National Academy of Sciences",
    month = "May",
    year = "2018",
    pmid = "29735687",
    keywords = "computer simulations, intrinsically disordered proteins, protein dynamics",
    pages = "E4758--E4766",
    issn = "0027-8424"
}

@article{vogeli_nuclear_2014,
    author = "Vögeli, Beat",
    title = "The nuclear Overhauser effect from a quantitative perspective",
    volume = "78",
    issn = "0079-6565",
    url = "https://doi.org/10.1016/j.pnmrs.2013.11.001",
    doi = "10.1016/j.pnmrs.2013.11.001",
    urldate = "2024-01-24",
    journal = "Progress in Nuclear Magnetic Resonance Spectroscopy",
    month = "April",
    year = "2014",
    keywords = "NOE, eNOE, Nuclear Overhauser effect",
    pages = "1--46"
}

@article{vogeli_exact_2009,
    author = "Vögeli, Beat and Segawa, Takuya F. and Leitz, Dominik and Sobol, Alexander and Choutko, Alexandra and Trzesniak, Daniel and van Gunsteren, Wilfred and Riek, Roland",
    title = "Exact Distances and Internal Dynamics of Perdeuterated Ubiquitin from NOE Buildups",
    volume = "131",
    issn = "0002-7863",
    url = "https://doi.org/10.1021/ja905366h",
    doi = "10.1021/ja905366h",
    number = "47",
    urldate = "2024-01-24",
    journal = "Journal of the American Chemical Society",
    month = "December",
    year = "2009",
    pages = "17215--17225"
}

@incollection{redfield_theory_1965,
    author = "Redfield, A. G.",
    editor = "Waugh, John S.",
    series = "Advances in {Magnetic} {Resonance}",
    title = "The {Theory} of {Relaxation} {Processes}*",
    volume = "1",
    url = "https://www.sciencedirect.com/science/article/pii/B9781483231143500076",
    urldate = "2024-06-01",
    booktitle = "Advances in {Magnetic} and {Optical} {Resonance}",
    publisher = "Academic Press",
    month = "January",
    year = "1965",
    doi = "10.1016/B978-1-4832-3114-3.50007-6",
    pages = "1--32"
}

@article{jorgensen_comparison_1983,
    author = "Jorgensen, William L. and Chandrasekhar, Jayaraman and Madura, Jeffry D. and Impey, Roger W. and Klein, Michael L.",
    title = "Comparison of simple potential functions for simulating liquid water",
    volume = "79",
    issn = "0021-9606",
    url = "https://doi.org/10.1063/1.445869",
    doi = "10.1063/1.445869",
    number = "2",
    urldate = "2024-06-01",
    journal = "The Journal of Chemical Physics",
    month = "July",
    year = "1983",
    pages = "926--935"
}

@article{wang_replica_2011,
    author = "Wang, Lingle and Friesner, Richard A. and Berne, B. J.",
    title = "Replica Exchange with Solute Scaling: A More Efficient Version of Replica Exchange with Solute Tempering (REST2)",
    volume = "115",
    issn = "1520-6106",
    shorttitle = "Replica {Exchange} with {Solute} {Scaling}",
    url = "https://doi.org/10.1021/jp204407d",
    doi = "10.1021/jp204407d",
    number = "30",
    urldate = "2024-06-01",
    journal = "The Journal of Physical Chemistry B",
    month = "August",
    year = "2011",
    pages = "9431--9438"
}

@article{stroet_validation_2024,
    author = "Stroet, Martin and Setz, Martina and Lee, Thomas and Malde, Alpeshkumar K. and van den Bergen, Glen and Sykacek, Peter and Oostenbrink, Chris and Mark, Alan E.",
    title = "On the Validation of Protein Force Fields Based on Structural Criteria",
    volume = "128",
    issn = "1520-6106",
    url = "https://doi.org/10.1021/acs.jpcb.3c08469",
    doi = "10.1021/acs.jpcb.3c08469",
    number = "19",
    urldate = "2024-05-31",
    journal = "The Journal of Physical Chemistry B",
    month = "May",
    year = "2024",
    pages = "4602--4620"
}

@article{harvey_flying_1998,
    author = "Harvey, Stephen C. and Tan, Robert K.-Z. and Cheatham, Thomas E.",
    title = "The flying ice cube: Velocity rescaling in molecular dynamics leads to violation of energy equipartition",
    volume = "19",
    copyright = "Copyright © 1998 John Wiley \\& Sons, Inc.",
    issn = "0192-8651",
    shorttitle = "The flying ice cube",
    url = "https://doi.org/10.1002/(sici)1096-987x(199805)19:7<726::aid-jcc4>3.0.co;2-s",
    doi = "10.1002/(sici)1096-987x(199805)19:7<726::aid-jcc4>3.0.co;2-s",
    language = "en",
    number = "7",
    urldate = "2024-10-25",
    journal = "Journal of Computational Chemistry",
    year = "1998",
    keywords = "Thermostat",
    pages = "726--740"
}

@article{olsson_propka3_2011,
    author = "Olsson, Mats H. M. and Søndergaard, Chresten R. and Rostkowski, Michal and Jensen, Jan H.",
    title = "PROPKA3: Consistent Treatment of Internal and Surface Residues in Empirical pKa Predictions",
    volume = "7",
    issn = "1549-9618",
    shorttitle = "{PROPKA3}",
    url = "https://doi.org/10.1021/ct100578z",
    doi = "10.1021/ct100578z",
    number = "2",
    urldate = "2022-04-14",
    journal = "Journal of Chemical Theory and Computation",
    month = "February",
    year = "2011",
    keywords = "Software, pKa",
    pages = "525--537"
}

@article{braun_anomalous_2018,
    author = "Braun, Efrem and Moosavi, Seyed Mohamad and Smit, Berend",
    title = "Anomalous Effects of Velocity Rescaling Algorithms: The Flying Ice Cube Effect Revisited",
    volume = "14",
    issn = "1549-9618",
    shorttitle = "Anomalous {Effects} of {Velocity} {Rescaling} {Algorithms}",
    url = "https://doi.org/10.1021/acs.jctc.8b00446",
    doi = "10.1021/acs.jctc.8b00446",
    number = "10",
    urldate = "2024-10-25",
    journal = "Journal of Chemical Theory and Computation",
    month = "October",
    year = "2018",
    keywords = "Thermostat",
    pages = "5262--5272"
}

@article{schmit_sltcap_2018,
    author = "Schmit, Jeremy D. and Kariyawasam, Nilusha L. and Needham, Vince and Smith, Paul E.",
    title = "SLTCAP: A Simple Method for Calculating the Number of Ions Needed for MD Simulation",
    volume = "14",
    issn = "1549-9618",
    shorttitle = "{SLTCAP}",
    url = "https://doi.org/10.1021/acs.jctc.7b01254",
    doi = "10.1021/acs.jctc.7b01254",
    number = "4",
    urldate = "2022-04-24",
    journal = "Journal of Chemical Theory and Computation",
    month = "April",
    year = "2018",
    keywords = "Solvation, Electrostatics",
    pages = "1823--1827"
}

@article{mehra_cell_2019,
    author = "Mehra, Rukmankesh and Kepp, Kasper P.",
    title = "Cell size effects in the molecular dynamics of the intrinsically disordered Aβ peptide",
    volume = "151",
    issn = "0021-9606",
    url = "https://doi.org/10.1063/1.5115085",
    doi = "10.1063/1.5115085",
    number = "8",
    urldate = "2024-10-24",
    journal = "The Journal of Chemical Physics",
    month = "August",
    year = "2019",
    keywords = "Finite\\_size",
    pages = "085101"
}

@article{gapsys_importance_2020,
    author = "Gapsys, Vytautas and de Groot, Bert L",
    title = "On the importance of statistics in molecular simulations for thermodynamics, kinetics and simulation box size",
    volume = "9",
    issn = "2050-084X",
    url = "https://doi.org/10.7554/elife.57589",
    doi = "10.7554/elife.57589",
    urldate = "2021-08-10",
    journal = "eLife",
    month = "August",
    year = "2020",
    keywords = "Finite\\_size",
    pages = "e57589"
}

@article{feldman_probabilistic_2002,
    author = "Feldman, Howard J. and Hogue, Christopher W.V.",
    title = "Probabilistic sampling of protein conformations: New hope for brute force?",
    volume = "46",
    copyright = "Copyright © 2001 Wiley-Liss, Inc.",
    issn = "0887-3585",
    shorttitle = "Probabilistic sampling of protein conformations",
    url = "https://doi.org/10.1002/prot.1163.abs",
    doi = "10.1002/prot.1163.abs",
    language = "en",
    number = "1",
    urldate = "2024-10-26",
    journal = "Proteins",
    year = "2002",
    keywords = "protein folding, conformational space, extreme-value distribution, Levinthal paradox, tertiary structure prediction",
    pages = "8--23"
}

@article{feldman_fast_2000,
    author = "Feldman, Howard J. and Hogue, Christopher W.V.",
    title = "A fast method to sample real protein conformational space",
    volume = "39",
    copyright = "Copyright © 2000 Wiley-Liss, Inc.",
    issn = "0887-3585",
    url = "https://doi.org/10.1002/(sici)1097-0134(20000501)39:2<112::aid-prot2>3.3.co;2-2",
    doi = "10.1002/(sici)1097-0134(20000501)39:2<112::aid-prot2>3.3.co;2-2",
    language = "de",
    number = "2",
    urldate = "2024-10-26",
    journal = "Proteins",
    year = "2000",
    keywords = "prediction, conformer, polypeptide, random, structure, trajectory distribution",
    pages = "112--131"
}

@article{ozenne_flexible-meccano_2012,
    author = "Ozenne, Valéry and Bauer, Frédéric and Salmon, Loïc and Huang, Jie-rong and Jensen, Malene Ringkjøbing and Segard, Stéphane and Bernadó, Pau and Charavay, Céline and Blackledge, Martin",
    title = "Flexible-meccano: a tool for the generation of explicit ensemble descriptions of intrinsically disordered proteins and their associated experimental observables",
    volume = "28",
    issn = "1367-4811",
    shorttitle = "Flexible-meccano",
    url = "https://doi.org/10.1093/bioinformatics/bts172",
    doi = "10.1093/bioinformatics/bts172",
    number = "11",
    urldate = "2024-10-26",
    journal = "Bioinformatics",
    month = "June",
    year = "2012",
    pages = "1463--1470"
}

@article{ferrie_unified_2020,
    author = "Ferrie, John J. and Petersson, E. James",
    title = "A Unified De Novo Approach for Predicting the Structures of Ordered and Disordered Proteins",
    volume = "124",
    issn = "1520-6106",
    url = "https://doi.org/10.1021/acs.jpcb.0c02924",
    doi = "10.1021/acs.jpcb.0c02924",
    number = "27",
    urldate = "2024-10-26",
    journal = "The Journal of Physical Chemistry B",
    month = "July",
    year = "2020",
    pages = "5538--5548"
}

@article{estana_realistic_2019,
    author = "Estaña, Alejandro and Sibille, Nathalie and Delaforge, Elise and Vaisset, Marc and Cortés, Juan and Bernadó, Pau",
    title = "Realistic Ensemble Models of Intrinsically Disordered Proteins Using a Structure-Encoding Coil Database",
    volume = "27",
    issn = "0969-2126",
    url = "https://doi.org/10.1016/j.str.2018.10.016",
    doi = "10.1016/j.str.2018.10.016",
    number = "2",
    urldate = "2024-10-26",
    journal = "Structure",
    month = "February",
    year = "2019",
    keywords = "intrinsically disordered proteins, conformational ensemble, conformational sampling, protein fragment database, residual dipolar couplings",
    pages = "381--391.e2"
}

@article{teixeira_idpconformergenerator_2022,
    author = "Teixeira, João M. C. and Liu, Zi Hao and Namini, Ashley and Li, Jie and Vernon, Robert M. and Krzeminski, Mickaël and Shamandy, Alaa A. and Zhang, Oufan and Haghighatlari, Mojtaba and Yu, Lei and Head-Gordon, Teresa and Forman-Kay, Julie D.",
    title = "IDPConformerGenerator: A Flexible Software Suite for Sampling the Conformational Space of Disordered Protein States",
    volume = "126",
    issn = "1089-5639",
    shorttitle = "{IDPConformerGenerator}",
    url = "https://doi.org/10.1021/acs.jpca.2c03726",
    doi = "10.1021/acs.jpca.2c03726",
    number = "35",
    urldate = "2024-10-26",
    journal = "The Journal of Physical Chemistry A",
    month = "September",
    year = "2022",
    pages = "5985--6003"
}

@article{jurrus_improvements_2018,
    author = "Jurrus, Elizabeth and Engel, Dave and Star, Keith and Monson, Kyle and Brandi, Juan and Felberg, Lisa E. and Brookes, David H. and Wilson, Leighton and Chen, Jiahui and Liles, Karina and Chun, Minju and Li, Peter and Gohara, David W. and Dolinsky, Todd and Konecny, Robert and Koes, David R. and Nielsen, Jens Erik and Head-Gordon, Teresa and Geng, Weihua and Krasny, Robert and Wei, Guo-Wei and Holst, Michael J. and McCammon, J. Andrew and Baker, Nathan A.",
    title = "Improvements to the APBS biomolecular solvation software suite",
    volume = "27",
    copyright = "© 2017 The Protein Society",
    issn = "0961-8368",
    url = "https://doi.org/10.1002/pro.3280",
    doi = "10.1002/pro.3280",
    language = "en",
    number = "1",
    urldate = "2024-10-26",
    journal = "Protein Science",
    year = "2018",
    keywords = "pKa, solvation, software, electrostatics, titration",
    pages = "112--128"
}

@article{henin_enhanced_2022,
    author = "Hénin, Jérôme and Lelièvre, Tony and Shirts, Michael R and Valsson, Omar and Delemotte, Lucie",
    title = "Enhanced Sampling Methods for Molecular Dynamics Simulations [Article v1.0]",
    volume = "4",
    copyright = "Copyright (c) 2022 Jérôme Hénin, Tony Lelièvre, Michael Shirts, Omar Valsson, Lucie Delemotte",
    issn = "2575-6524",
    url = "https://doi.org/10.33011/livecoms.4.1.1583",
    doi = "10.33011/livecoms.4.1.1583",
    language = "en",
    number = "1",
    urldate = "2024-10-27",
    journal = "Living Journal of Computational Molecular Science",
    month = "December",
    year = "2022",
    keywords = "Enhanced\\_sampling",
    pages = "1583--1583"
}

@article{chodera_simple_2016,
    author = "Chodera, John D.",
    title = "A Simple Method for Automated Equilibration Detection in Molecular Simulations",
    volume = "12",
    issn = "1549-9618",
    url = "https://doi.org/10.1021/acs.jctc.5b00784",
    doi = "10.1021/acs.jctc.5b00784",
    number = "4",
    urldate = "2024-10-27",
    journal = "Journal of Chemical Theory and Computation",
    month = "April",
    year = "2016",
    pages = "1799--1805"
}

@article{wall_biomolecular_2019,
    author = "Wall, Michael E. and Calabró, Gaetano and Bayly, Christopher I. and Mobley, David L. and Warren, Gregory L.",
    title = "Biomolecular Solvation Structure Revealed by Molecular Dynamics Simulations",
    volume = "141",
    issn = "0002-7863",
    url = "https://doi.org/10.1021/jacs.8b13613",
    doi = "10.1021/jacs.8b13613",
    number = "11",
    urldate = "2024-10-27",
    journal = "Journal of the American Chemical Society",
    month = "March",
    year = "2019",
    pages = "4711--4720"
}

@article{wang_superposition_1972,
    author = "Wang, Shein-shion and Krumhansl, J. A.",
    title = "Superposition Assumption. II. High Density Fluid Argon",
    volume = "56",
    issn = "0021-9606",
    url = "https://doi.org/10.1063/1.1677858",
    doi = "10.1063/1.1677858",
    number = "9",
    urldate = "2024-10-26",
    journal = "The Journal of Chemical Physics",
    month = "May",
    year = "1972",
    keywords = "periodic\\_boundary\\_conditions",
    pages = "4287--4290"
}

@article{coppa_accelerated_2023,
    author = "Coppa, Crescenzo and Bazzoli, Andrea and Barkhordari, Maral and Contini, Alessandro",
    title = "Accelerated Molecular Dynamics for Peptide Folding: Benchmarking Different Combinations of Force Fields and Explicit Solvent Models",
    volume = "63",
    issn = "1549-9596",
    shorttitle = "Accelerated {Molecular} {Dynamics} for {Peptide} {Folding}",
    url = "https://doi.org/10.1021/acs.jcim.3c00138",
    doi = "10.1021/acs.jcim.3c00138",
    number = "10",
    urldate = "2024-10-26",
    journal = "Journal of Chemical Information and Modeling",
    month = "May",
    year = "2023",
    keywords = "FF\\_validation, Water\\_FF",
    pages = "3030--3042"
}

@article{kadaoluwa_pathirannahalage_systematic_2021,
    author = "Kadaoluwa Pathirannahalage, Sachini P. and Meftahi, Nastaran and Elbourne, Aaron and Weiss, Alessia C. G. and McConville, Chris F. and Padua, Agilio and Winkler, David A. and Costa Gomes, Margarida and Greaves, Tamar L. and Le, Tu C. and Besford, Quinn A. and Christofferson, Andrew J.",
    title = "Systematic Comparison of the Structural and Dynamic Properties of Commonly Used Water Models for Molecular Dynamics Simulations",
    volume = "61",
    issn = "1549-9596",
    url = "https://doi.org/10.1021/acs.jcim.1c00794",
    doi = "10.1021/acs.jcim.1c00794",
    number = "9",
    urldate = "2024-10-26",
    journal = "Journal of Chemical Information and Modeling",
    month = "September",
    year = "2021",
    keywords = "FF\\_validation, Water\\_FF",
    pages = "4521--4536"
}

@article{mu_balanced_2021,
    author = "Mu, Junxi and Pan, Zhengsong and Chen, Hai-Feng",
    title = "Balanced Solvent Model for Intrinsically Disordered and Ordered Proteins",
    issn = "1549-9596",
    url = "https://doi.org/10.1021/acs.jcim.1c00407",
    doi = "10.1021/acs.jcim.1c00407",
    urldate = "2021-09-23",
    journal = "Journal of Chemical Information and Modeling",
    month = "September",
    year = "2021",
    keywords = "FF\\_validation, Protein\\_FF, Solvation",
    number = "10",
    pages = "5141--5151",
    volume = "61"
}

@article{diem_hamiltonian_2020,
    author = "Diem, Matthias and Oostenbrink, Chris",
    title = "Hamiltonian Reweighing To Refine Protein Backbone Dihedral Angle Parameters in the GROMOS Force Field",
    volume = "60",
    issn = "1549-9596",
    url = "https://doi.org/10.1021/acs.jcim.9b01034",
    doi = "10.1021/acs.jcim.9b01034",
    number = "1",
    urldate = "2024-11-23",
    journal = "Journal of Chemical Information and Modeling",
    month = "January",
    year = "2020",
    pages = "279--288"
}

@article{diem_effect_2020,
    author = "Diem, Matthias and Oostenbrink, Chris",
    title = "The effect of different cutoff schemes in molecular simulations of proteins",
    volume = "41",
    copyright = "© 2020 The Authors. Journal of Computational Chemistry published by Wiley Periodicals LLC.",
    issn = "0192-8651",
    url = "https://doi.org/10.1002/jcc.26426",
    doi = "10.1002/jcc.26426",
    language = "en",
    number = "32",
    urldate = "2024-11-23",
    journal = "Journal of Computational Chemistry",
    year = "2020",
    keywords = "molecular dynamics, proteins, atomistic, charge-group, cutoff scheme",
    pages = "2740--2749"
}

@book{wuthrich_nmr_1986,
    author = "Wüthrich, Kurt",
    title = "{NMR} of {Proteins} and {Nucleic} {Acids}",
    isbn = "978-0-471-82893-8",
    language = "en",
    publisher = "Wiley",
    year = "1986",
    keywords = "Medical / Biochemistry, Science / Chemistry / General, Science / Chemistry / Organic, Science / Life Sciences / Biochemistry"
}

@article{kjaergaard_disordered_2012,
    author = "Kjaergaard, Magnus and Poulsen, Flemming M.",
    title = "Disordered proteins studied by chemical shifts",
    volume = "60",
    issn = "0079-6565",
    url = "https://doi.org/10.1016/j.pnmrs.2011.10.001",
    doi = "10.1016/j.pnmrs.2011.10.001",
    urldate = "2024-12-19",
    journal = "Progress in Nuclear Magnetic Resonance Spectroscopy",
    month = "January",
    year = "2012",
    keywords = "Denatured state, Intrinsically disordered proteins (IDPs), Random coil chemical shifts, Structural ensemble, Transient secondary structure",
    pages = "42--51"
}

@article{van_gunsteren_deriving_2016,
    author = "van Gunsteren, Wilfred F. and Allison, Jane R. and Daura, Xavier and Dolenc, Jožica and Hansen, Niels and Mark, Alan E. and Oostenbrink, Chris and Rusu, Victor H. and Smith, Lorna J.",
    title = "Deriving Structural Information from Experimentally Measured Data on Biomolecules",
    volume = "55",
    copyright = "© 2016 Wiley-VCH Verlag GmbH \\& Co. KGaA, Weinheim",
    issn = "1433-7851",
    url = "https://doi.org/10.1002/anie.201601828",
    doi = "10.1002/anie.201601828",
    language = "en",
    number = "52",
    urldate = "2024-12-19",
    journal = "Angewandte Chemie International Edition",
    year = "2016",
    keywords = "experimental data, ambiguities, averaging, biomolecular structure determination, errors",
    pages = "15990--16010"
}

@article{wennberg_direct-space_2015,
    author = "Wennberg, Christian L. and Murtola, Teemu and Páll, Szilárd and Abraham, Mark J. and Hess, Berk and Lindahl, Erik",
    title = "Direct-Space Corrections Enable Fast and Accurate Lorentz–Berthelot Combination Rule Lennard-Jones Lattice Summation",
    volume = "11",
    issn = "1549-9618",
    url = "https://doi.org/10.1021/acs.jctc.5b00726",
    doi = "10.1021/acs.jctc.5b00726",
    number = "12",
    urldate = "2024-12-19",
    journal = "Journal of Chemical Theory and Computation",
    month = "December",
    year = "2015",
    pages = "5737--5746"
}

@article{shaw_anton_2008,
    author = "Shaw, David E. and Deneroff, Martin M. and Dror, Ron O. and Kuskin, Jeffrey S. and Larson, Richard H. and Salmon, John K. and Young, Cliff and Batson, Brannon and Bowers, Kevin J. and Chao, Jack C. and Eastwood, Michael P. and Gagliardo, Joseph and Grossman, J. P. and Ho, C. Richard and Ierardi, Douglas J. and Kolossváry, István and Klepeis, John L. and Layman, Timothy and McLeavey, Christine and Moraes, Mark A. and Mueller, Rolf and Priest, Edward C. and Shan, Yibing and Spengler, Jochen and Theobald, Michael and Towles, Brian and Wang, Stanley C.",
    title = "Anton, a special-purpose machine for molecular dynamics simulation",
    volume = "51",
    issn = "0001-0782",
    url = "https://doi.org/10.1145/1364782.1364802",
    doi = "10.1145/1364782.1364802",
    number = "7",
    urldate = "2024-12-18",
    journal = "Communications of the ACM",
    month = "July",
    year = "2008",
    pages = "91--97"
}

@article{solomon_nuclear_1956,
    author = "Solomon, I. and Bloembergen, N.",
    title = "Nuclear Magnetic Interactions in the HF Molecule",
    volume = "25",
    issn = "0021-9606",
    url = "https://doi.org/10.1063/1.1742867",
    doi = "10.1063/1.1742867",
    number = "2",
    urldate = "2024-12-12",
    journal = "The Journal of Chemical Physics",
    month = "August",
    year = "1956",
    pages = "261--266"
}

@article{meisburger_robust_2023,
    author = "Meisburger, Steve P. and Case, David A. and Ando, Nozomi",
    title = "Robust total X-ray scattering workflow to study correlated motion of proteins in crystals",
    volume = "14",
    copyright = "2023 The Author(s)",
    issn = "2041-1723",
    url = "https://doi.org/10.1038/s41467-023-36734-3",
    doi = "10.1038/s41467-023-36734-3",
    language = "en",
    number = "1",
    urldate = "2024-12-12",
    journal = "Nature Communications",
    month = "March",
    year = "2023",
    keywords = "X-ray crystallography, Molecular biophysics",
    pages = "1228"
}

@article{krissinel_inference_2007,
    author = "Krissinel, Evgeny and Henrick, Kim",
    title = "Inference of Macromolecular Assemblies from Crystalline State",
    volume = "372",
    issn = "0022-2836",
    url = "https://doi.org/10.1016/j.jmb.2007.05.022",
    doi = "10.1016/j.jmb.2007.05.022",
    number = "3",
    urldate = "2024-12-12",
    journal = "Journal of Molecular Biology",
    month = "September",
    year = "2007",
    keywords = "asymmetric unit, biological unit, macromolecular assembly, protein–protein interactions",
    pages = "774--797"
}

@article{dunbrack_backbone-dependent_1993,
    author = "Dunbrack, Roland L. and Karplus, Martin",
    title = "Backbone-dependent Rotamer Library for Proteins Application to Side-chain Prediction",
    volume = "230",
    issn = "0022-2836",
    url = "https://doi.org/10.1006/jmbi.1993.1170",
    doi = "10.1006/jmbi.1993.1170",
    number = "2",
    urldate = "2024-12-12",
    journal = "Journal of Molecular Biology",
    month = "March",
    year = "1993",
    keywords = "proteins, rotamers, prediction, conformation, side-chains",
    pages = "543--574"
}

@article{rose_rcsb_2015,
    author = "Rose, Peter W. and Prlić, Andreas and Bi, Chunxiao and Bluhm, Wolfgang F. and Christie, Cole H. and Dutta, Shuchismita and Green, Rachel Kramer and Goodsell, David S. and Westbrook, John D. and Woo, Jesse and Young, Jasmine and Zardecki, Christine and Berman, Helen M. and Bourne, Philip E. and Burley, Stephen K.",
    title = "The RCSB Protein Data Bank: views of structural biology for basic and applied research and education",
    volume = "43",
    issn = "1362-4962",
    shorttitle = "The {RCSB} {Protein} {Data} {Bank}",
    url = "https://doi.org/10.1093/nar/gku1214",
    doi = "10.1093/nar/gku1214",
    number = "D1",
    urldate = "2024-12-12",
    journal = "Nucleic Acids Research",
    month = "January",
    year = "2015",
    pages = "D345--D356"
}

@article{berman_protein_2000,
    author = "Berman, Helen M. and Westbrook, John and Feng, Zukang and Gilliland, Gary and Bhat, T. N. and Weissig, Helge and Shindyalov, Ilya N. and Bourne, Philip E.",
    title = "The Protein Data Bank",
    volume = "28",
    issn = "1362-4962",
    url = "https://doi.org/10.1093/nar/28.1.235",
    doi = "10.1093/nar/28.1.235",
    number = "1",
    urldate = "2024-12-12",
    journal = "Nucleic Acids Research",
    month = "January",
    year = "2000",
    pages = "235--242"
}

@article{bernstein_protein_1977,
    author = "Bernstein, Frances C. and Koetzle, Thomas F. and Williams, Graheme J.B. and Meyer, Edgar F. and Brice, Michael D. and Rodgers, John R. and Kennard, Olga and Shimanouchi, Takehiko and Tasumi, Mitsuo",
    title = "The protein data bank: A computer-based archival file for macromolecular structures",
    volume = "112",
    issn = "0022-2836",
    shorttitle = "The protein data bank",
    url = "https://doi.org/10.1016/s0022-2836(77)80200-3",
    doi = "10.1016/s0022-2836(77)80200-3",
    number = "3",
    urldate = "2024-12-12",
    journal = "Journal of Molecular Biology",
    month = "May",
    year = "1977",
    pages = "535--542"
}

@article{cerutti_molecular_2019,
    author = "Cerutti, David S. and Case, David A.",
    title = "Molecular dynamics simulations of macromolecular crystals",
    volume = "9",
    copyright = "© 2018 Wiley Periodicals, Inc.",
    issn = "1759-0876",
    url = "https://doi.org/10.1002/wcms.1402",
    doi = "10.1002/wcms.1402",
    language = "en",
    number = "4",
    urldate = "2024-12-12",
    journal = "WIREs Computational Molecular Science",
    year = "2019",
    keywords = "molecular simulation, biomolecular crystals, dynamics, neutron diffraction, X-ray diffraction",
    pages = "e1402"
}

@article{shi_polarizable_2013,
    author = "Shi, Yue and Xia, Zhen and Zhang, Jiajing and Best, Robert and Wu, Chuanjie and Ponder, Jay W. and Ren, Pengyu",
    title = "Polarizable Atomic Multipole-Based AMOEBA Force Field for Proteins",
    volume = "9",
    issn = "1549-9618",
    url = "https://doi.org/10.1021/ct4003702",
    doi = "10.1021/ct4003702",
    number = "9",
    urldate = "2024-12-12",
    journal = "Journal of Chemical Theory and Computation",
    month = "September",
    year = "2013",
    pages = "4046--4063"
}

@article{lopes_polarizable_2013,
    author = "Lopes, Pedro E. M. and Huang, Jing and Shim, Jihyun and Luo, Yun and Li, Hui and Roux, Benoît and MacKerell, Alexander D.",
    title = "Polarizable Force Field for Peptides and Proteins Based on the Classical Drude Oscillator",
    volume = "9",
    issn = "1549-9618",
    url = "https://doi.org/10.1021/ct400781b",
    doi = "10.1021/ct400781b",
    number = "12",
    urldate = "2024-12-12",
    journal = "Journal of Chemical Theory and Computation",
    month = "December",
    year = "2013",
    pages = "5430--5449"
}

@article{piana_development_2020,
    author = "Piana, Stefano and Robustelli, Paul and Tan, Dazhi and Chen, Songela and Shaw, David E.",
    title = "Development of a Force Field for the Simulation of Single-Chain Proteins and Protein–Protein Complexes",
    volume = "16",
    issn = "1549-9618",
    url = "https://doi.org/10.1021/acs.jctc.9b00251",
    doi = "10.1021/acs.jctc.9b00251",
    number = "4",
    urldate = "2024-12-12",
    journal = "Journal of Chemical Theory and Computation",
    month = "April",
    year = "2020",
    pages = "2494--2507"
}

@article{tesei_deer-predict_2021,
    author = "Tesei, Giulio and Martins, João M. and Kunze, Micha B. A. and Wang, Yong and Crehuet, Ramon and Lindorff-Larsen, Kresten",
    title = "DEER-PREdict: Software for efficient calculation of spin-labeling EPR and NMR data from conformational ensembles",
    volume = "17",
    issn = "1553-7358",
    shorttitle = "{DEER}-{PREdict}",
    url = "https://doi.org/10.1371/journal.pcbi.1008551",
    doi = "10.1371/journal.pcbi.1008551",
    language = "en",
    number = "1",
    urldate = "2024-12-12",
    journal = "PLOS Computational Biology",
    month = "January",
    year = "2021",
    keywords = "Protein structure, NMR relaxation, Nuclear magnetic resonance, Computer software, Deer, HIV-1, Lysozyme, Proteases",
    pages = "e1008551"
}

@article{michaud-agrawal_mdanalysis_2011,
    author = "Michaud-Agrawal, Naveen and Denning, Elizabeth J. and Woolf, Thomas B. and Beckstein, Oliver",
    title = "MDAnalysis: A toolkit for the analysis of molecular dynamics simulations",
    volume = "32",
    copyright = "Copyright © 2011 Wiley Periodicals, Inc.",
    issn = "0192-8651",
    shorttitle = "{MDAnalysis}",
    url = "https://doi.org/10.1002/jcc.21787",
    doi = "10.1002/jcc.21787",
    language = "en",
    number = "10",
    urldate = "2024-12-12",
    journal = "Journal of Computational Chemistry",
    year = "2011",
    keywords = "molecular dynamics simulations, proteins, software, analysis, membrane systems, object-oriented design, Python programming language",
    pages = "2319--2327"
}

@article{gowers_mdanalysis_2016,
    author = "Gowers, Richard and Linke, Max and Barnoud, Jonathan and Reddy, Tyler and Melo, Manuel and Seyler, Sean and Domański, Jan and Dotson, David and Buchoux, Sébastien and Kenney, Ian and Beckstein, Oliver",
    title = "MDAnalysis: A Python Package for the Rapid Analysis of Molecular Dynamics Simulations",
    shorttitle = "{MDAnalysis}",
    url = "https://doi.org/10.25080/majora-629e541a-00e",
    doi = "10.25080/majora-629e541a-00e",
    language = "en",
    urldate = "2024-12-12",
    journal = "Proceedings of the Python in Science Conference",
    month = "June",
    year = "2016",
    pages = "98--105",
    issn = "2575-9752"
}

@article{polyhach_rotamer_2011,
    author = "Polyhach, Yevhen and Bordignon, Enrica and Jeschke, Gunnar",
    title = "Rotamer libraries of spin labelled cysteines for protein studies",
    volume = "13",
    issn = "1463-9076",
    url = "https://doi.org/10.1039/c0cp01865a",
    doi = "10.1039/c0cp01865a",
    language = "en",
    number = "6",
    urldate = "2024-12-12",
    journal = "Phys. Chem. Chem. Phys.",
    month = "January",
    year = "2011",
    pages = "2356--2366"
}

@article{clore_elucidating_2007,
    author = "Clore, G Marius and Tang, Chun and Iwahara, Junji",
    series = "Carbohydrates and glycoconjugates / {Biophysical} methods",
    title = "Elucidating transient macromolecular interactions using paramagnetic relaxation enhancement",
    volume = "17",
    issn = "0959-440X",
    url = "https://doi.org/10.1016/j.sbi.2007.08.013",
    doi = "10.1016/j.sbi.2007.08.013",
    number = "5",
    urldate = "2024-12-12",
    journal = "Current Opinion in Structural Biology",
    month = "October",
    year = "2007",
    pages = "603--616"
}

@article{hoffmann_predicting_2020,
    author = "Hoffmann, Falk and Mulder, Frans A. A. and Schäfer, Lars V.",
    title = "Predicting NMR relaxation of proteins from molecular dynamics simulations with accurate methyl rotation barriers",
    volume = "152",
    issn = "0021-9606",
    url = "https://doi.org/10.1063/1.5135379",
    doi = "10.1063/1.5135379",
    number = "8",
    urldate = "2024-12-12",
    journal = "The Journal of Chemical Physics",
    month = "February",
    year = "2020",
    pages = "084102"
}

@book{neuhaus_nuclear_2000,
    author = "Neuhaus, David and Williamson, Michael P.",
    title = "The {Nuclear} {Overhauser} {Effect} in {Structural} and {Conformational} {Analysis}",
    isbn = "978-0-471-24675-6",
    language = "en",
    publisher = "Wiley",
    month = "April",
    year = "2000",
    keywords = "Science / Chemistry / General, Science / Chemistry / Organic, Science / Chemistry / Industrial \\& Technical"
}

@article{tycko_alignment_2000,
    author = "Tycko, Robert and Blanco, Francisco J. and Ishii, Yoshitaka",
    title = "Alignment of Biopolymers in Strained Gels:  A New Way To Create Detectable Dipole−Dipole Couplings in High-Resolution Biomolecular NMR",
    volume = "122",
    issn = "0002-7863",
    shorttitle = "Alignment of {Biopolymers} in {Strained} {Gels}",
    url = "https://doi.org/10.1021/ja002133q",
    doi = "10.1021/ja002133q",
    number = "38",
    urldate = "2024-12-12",
    journal = "Journal of the American Chemical Society",
    month = "September",
    year = "2000",
    pages = "9340--9341"
}

@article{prosser_magnetically_1998,
    author = "Prosser, R. Scott and Hwang, Jimmy S. and Vold, Regitze R.",
    title = "Magnetically Aligned Phospholipid Bilayers with Positive Ordering: A New Model Membrane System",
    volume = "74",
    issn = "0006-3495",
    shorttitle = "Magnetically {Aligned} {Phospholipid} {Bilayers} with {Positive} {Ordering}",
    url = "https://doi.org/10.1016/s0006-3495(98)77949-4",
    doi = "10.1016/s0006-3495(98)77949-4",
    language = "English",
    number = "5",
    urldate = "2024-12-12",
    journal = "Biophysical Journal",
    month = "May",
    year = "1998",
    pmid = "9591667",
    pages = "2405--2418"
}

@article{sanders_magnetically_1990,
    author = "Sanders, C.R. and Prestegard, J.H.",
    title = "Magnetically orientable phospholipid bilayers containing small amounts of a bile salt analogue, CHAPSO",
    volume = "58",
    issn = "0006-3495",
    url = "https://doi.org/10.1016/s0006-3495(90)82390-0",
    doi = "10.1016/s0006-3495(90)82390-0",
    language = "English",
    number = "2",
    urldate = "2024-12-12",
    journal = "Biophysical Journal",
    month = "August",
    year = "1990",
    pmid = "2207249",
    pages = "447--460"
}

@article{ding_protein_2004,
    author = "Ding, Keyang and Gronenborn, Angela M.",
    title = "Protein Backbone 1HN−13Cα and 15N−13Cα Residual Dipolar and J Couplings: New Constraints for NMR Structure Determination",
    volume = "126",
    issn = "0002-7863",
    shorttitle = "Protein {Backbone} {1HN}−{13Cα} and {15N}−{13Cα} {Residual} {Dipolar} and {J} {Couplings}",
    url = "https://doi.org/10.1021/ja049049l",
    doi = "10.1021/ja049049l",
    number = "20",
    urldate = "2021-09-08",
    journal = "Journal of the American Chemical Society",
    month = "May",
    year = "2004",
    keywords = "NMR",
    pages = "6232--6233"
}

@article{wirmer_angular_2002,
    author = "Wirmer, Julia and Schwalbe, Harald",
    title = "Angular dependence of 1J(Ni,Cα i) and 2J(Ni,Cα (i − 1)) coupling constants measured in J-modulated HSQCs",
    volume = "23",
    issn = "0925-2738",
    url = "https://doi.org/10.1023/a:1015384805098",
    doi = "10.1023/a:1015384805098",
    language = "en",
    number = "1",
    urldate = "2023-11-03",
    journal = "Journal of Biomolecular NMR",
    month = "May",
    year = "2002",
    keywords = "NMR, Protein\\_structure",
    pages = "47--55"
}

@article{shen_protein_2007,
    author = "Shen, Yang and Bax, Ad",
    title = "Protein backbone chemical shifts predicted from searching a database for torsion angle and sequence homology",
    volume = "38",
    issn = "0925-2738",
    url = "https://doi.org/10.1007/s10858-007-9166-6",
    doi = "10.1007/s10858-007-9166-6",
    language = "en",
    number = "4",
    urldate = "2024-12-12",
    journal = "Journal of Biomolecular NMR",
    month = "August",
    year = "2007",
    keywords = "Chemical shift, Backbone, Database, Empirical, Prediction, TALOS",
    pages = "289--302"
}

@article{pechlaner_molecular_2024,
    author = "Pechlaner, Maria and van Gunsteren, Wilfred F. and Smith, Lorna J. and Hansen, Niels",
    title = "Molecular structure refinement based on residual dipolar couplings using magnetic-field rotational sampling",
    volume = "161",
    issn = "0021-9606",
    url = "https://doi.org/10.1063/5.0203153",
    doi = "10.1063/5.0203153",
    number = "4",
    urldate = "2024-12-19",
    journal = "The Journal of Chemical Physics",
    month = "July",
    year = "2024",
    pages = "044122"
}

@article{nencini_rapid_2024,
    author = "Nencini, Ricky and Mantzari, Efstathia and Sandelin, Amanda and Ollila, Samuli",
    title = "Rapid interpretation of protein backbone rotation dynamics directly from spin relaxation data",
    volume = "15",
    url = "https://doi.org/10.26434/chemrxiv-2024-0w9ml",
    doi = "10.26434/chemrxiv-2024-0w9ml",
    number = "40",
    urldate = "2024-12-19",
    journal = "J. Phys. Chem. Lett.",
    month = "October",
    year = "2024",
    pages = "10204--10209"
}

@article{sandelin_qebss_2024,
    author = "Sandelin, Amanda and Nencini, Ricky and Yasar, Ekrem and Ollila, Samuli",
    title = "{QEBSS}: {Quality} {Evaluation} {Based} {Simulation} {Selection} for analysis of conformational ensembles and dynamics of multidomain proteins",
    shorttitle = "{QEBSS}",
    url = "https://doi.org/10.26434/chemrxiv-2024-h3pmt-v2",
    doi = "10.26434/chemrxiv-2024-h3pmt-v2",
    language = "en",
    urldate = "2025-03-21",
    journal = "ChemRxiv",
    month = "May",
    year = "2024",
    keywords = "disordered proteins, MD simulations, multidomain proteins, NMR"
}

@article{nencini_probing_2024,
    author = "Nencini, Ricky and Regnier, Morgan L. G. and Backlund, Sofia M. and Mantzari, Efstathia and Dunn, Cory D. and Ollila, O. H. Samuli",
    title = "Probing the dynamic landscape of peptides in molecular assemblies by synergized NMR experiments and MD simulations",
    volume = "7",
    copyright = "2024 The Author(s)",
    issn = "2399-3669",
    url = "https://doi.org/10.1038/s42004-024-01115-4",
    doi = "10.1038/s42004-024-01115-4",
    language = "en",
    number = "1",
    urldate = "2024-12-19",
    journal = "Communications Chemistry",
    month = "February",
    year = "2024",
    keywords = "Biophysical chemistry, Molecular modelling, Peptides, Solution-state NMR",
    pages = "1--12"
}

@article{hoch_biological_2023,
    author = "Hoch, Jeffrey C and Baskaran, Kumaran and Burr, Harrison and Chin, John and Eghbalnia, Hamid R and Fujiwara, Toshimichi and Gryk, Michael R and Iwata, Takeshi and Kojima, Chojiro and Kurisu, Genji and Maziuk, Dmitri and Miyanoiri, Yohei and Wedell, Jonathan R and Wilburn, Colin and Yao, Hongyang and Yokochi, Masashi",
    title = "Biological Magnetic Resonance Data Bank",
    volume = "51",
    issn = "0305-1048",
    url = "https://doi.org/10.1093/nar/gkac1050",
    doi = "10.1093/nar/gkac1050",
    number = "D1",
    urldate = "2024-12-19",
    journal = "Nucleic Acids Research",
    month = "January",
    year = "2023",
    pages = "D368--D376"
}

@misc{mark_australasian_2022,
    author = "Mark, Alan E. and Stroet, Martin and Nada, Sharif",
    title = "Australasian {Computational} and {Simulation} {Commons} ({ACSC})",
    url = "https://doi.org/10.48610/62d1f81",
    doi = "10.48610/62d1f81",
    language = "eng",
    urldate = "2024-12-20",
    month = "August",
    year = "2022",
}

@article{word_visualizing_1999,
    author = "Word, J. Michael and Lovell, Simon C. and LaBean, Thomas H. and Taylor, Hope C. and Zalis, Michael E. and Presley, Brent K. and Richardson, Jane S. and Richardson, David C.",
    title = "Visualizing and quantifying molecular goodness-of-fit: small-probe contact dots with explicit hydrogen atoms",
    volume = "285",
    issn = "0022-2836",
    shorttitle = "Visualizing and quantifying molecular goodness-of-fit",
    url = "https://doi.org/10.1006/jmbi.1998.2400",
    doi = "10.1006/jmbi.1998.2400",
    number = "4",
    urldate = "2024-12-20",
    journal = "Journal of Molecular Biology",
    month = "January",
    year = "1999",
    keywords = "explicit hydrogen atoms, macromolecular structure validation, methionine rotamers, protein internal packing, small-probe contact dots",
    pages = "1711--1733"
}

@article{word_asparagine_1999,
    author = "Word, J.Michael and Lovell, Simon C. and Richardson, Jane S. and Richardson, David C.",
    title = "Asparagine and glutamine: using hydrogen atom contacts in the choice of side-chain amide orientation",
    volume = "285",
    issn = "0022-2836",
    shorttitle = "Asparagine and glutamine",
    url = "https://doi.org/10.1006/jmbi.1998.2401",
    doi = "10.1006/jmbi.1998.2401",
    number = "4",
    urldate = "2024-12-20",
    journal = "Journal of Molecular Biology",
    month = "January",
    year = "1999",
    keywords = "small-probe contact dots, Asn/Gln flips, hydrogen atom placement, hydrogen bond network, side-chain amide orientation",
    pages = "1735--1747"
}

@article{kovalevskiy_alphafold_2024,
    author = "Kovalevskiy, Oleg and Mateos-Garcia, Juan and Tunyasuvunakool, Kathryn",
    title = "AlphaFold two years on: Validation and impact",
    volume = "121",
    shorttitle = "{AlphaFold} two years on",
    url = "https://doi.org/10.1073/pnas.2315002121",
    doi = "10.1073/pnas.2315002121",
    number = "34",
    urldate = "2024-12-20",
    journal = "Proceedings of the National Academy of Sciences",
    month = "August",
    year = "2024",
    pages = "e2315002121",
    issn = "0027-8424"
}

@article{groom_cambridge_2016,
    author = "Groom, Colin R. and Bruno, Ian J. and Lightfoot, Matthew P. and Ward, Suzanna C.",
    title = "The Cambridge Structural Database",
    volume = "72",
    issn = "2052-5206",
    url = "https://doi.org/10.1107/s2052520616003954",
    doi = "10.1107/s2052520616003954",
    language = "en",
    number = "2",
    urldate = "2024-12-20",
    journal = "Acta Crystallographica Section B Structural Science, Crystal Engineering and Materials",
    month = "April",
    year = "2016",
    pages = "171--179"
}

@article{chen_solvent_2024,
    author = "Chen, Julian C.-H. and Gilski, Miroslaw and Chang, Changsoo and Borek, Dominika and Rosenbaum, Gerd and Lavens, Alex and Otwinowski, Zbyszek and Kubicki, Maciej and Dauter, Zbigniew and Jaskolski, Mariusz and Joachimiak, Andrzej",
    title = "Solvent organization in the ultrahigh-resolution crystal structure of crambin at room temperature",
    volume = "11",
    copyright = "https://creativecommons.org/licenses/by/4.0/",
    issn = "2052-2525",
    url = "https://doi.org/10.1107/s2052252524007784",
    doi = "10.1107/s2052252524007784",
    language = "en",
    number = "5",
    urldate = "2024-12-20",
    journal = "IUCrJ",
    month = "September",
    year = "2024",
    pages = "649--663"
}

@article{yeh_conserved_2023,
    author = "Yeh, Christine Y. and Izaguirre, Jesus A. and Greisman, Jack B. and Willmore, Lindsay and Maragakis, Paul and Shaw, David E.",
    title = "A Conserved Local Structural Motif Controls the Kinetics of PTP1B Catalysis",
    volume = "63",
    issn = "1549-9596",
    url = "https://doi.org/10.1021/acs.jcim.3c00286",
    doi = "10.1021/acs.jcim.3c00286",
    number = "13",
    urldate = "2024-12-20",
    journal = "Journal of Chemical Information and Modeling",
    month = "July",
    year = "2023",
    pages = "4115--4124"
}

@article{crean_sequence_2024,
    author = "Crean, Rory M. and Corbella, Marina and Calixto, Ana R. and Hengge, Alvan C. and Kamerlin, Shina C. L.",
    title = "Sequence – dynamics – function relationships in protein tyrosine phosphatases",
    volume = "5",
    issn = "2633-2892",
    url = "https://doi.org/10.1017/qrd.2024.3",
    doi = "10.1017/qrd.2024.3",
    language = "en",
    urldate = "2024-12-20",
    journal = "QRB Discovery",
    month = "January",
    year = "2024",
    keywords = "empirical valence bond, enzyme evolution, loop dynamics, molecular simulations, protein tyrosine phosphatases",
    pages = "e4"
}

@article{scian_mutational_2013,
    author = "Scian, Michele and Shu, Irene and Olsen, Katherine A. and Hassam, Khalil and Andersen, Niels H.",
    title = "Mutational Effects on the Folding Dynamics of a Minimized Hairpin",
    volume = "52",
    issn = "0006-2960",
    url = "https://doi.org/10.1021/bi400146c",
    doi = "10.1021/bi400146c",
    number = "15",
    urldate = "2024-12-20",
    journal = "Biochemistry",
    month = "April",
    year = "2013",
    pages = "2556--2564"
}

@article{byrne_folding_2014,
    author = "Byrne, Aimee and Williams, D. Victoria and Barua, Bipasha and Hagen, Stephen J. and Kier, Brandon L. and Andersen, Niels H.",
    title = "Folding Dynamics and Pathways of the Trp-Cage Miniproteins",
    volume = "53",
    issn = "0006-2960",
    url = "https://doi.org/10.1021/bi501021r",
    doi = "10.1021/bi501021r",
    number = "38",
    urldate = "2024-12-20",
    journal = "Biochemistry",
    month = "September",
    year = "2014",
    pages = "6011--6021"
}

@article{scian_crystal_2012,
    author = "Scian, Michele and Lin, Jasper C. and Le Trong, Isolde and Makhatadze, George I. and Stenkamp, Ronald E. and Andersen, Niels H.",
    title = "Crystal and NMR structures of a Trp-cage mini-protein benchmark for computational fold prediction",
    volume = "109",
    url = "https://doi.org/10.1073/pnas.1121421109",
    doi = "10.1073/pnas.1121421109",
    number = "31",
    urldate = "2024-12-20",
    journal = "Proceedings of the National Academy of Sciences",
    month = "July",
    year = "2012",
    pages = "12521--12525",
    issn = "0027-8424"
}

@article{lin_helical_2004,
    author = "Lin, Jasper C. and Barua, Bipasha and Andersen, Niels H.",
    title = "The Helical Alanine Controversy:  An (Ala)6 Insertion Dramatically Increases Helicity",
    volume = "126",
    issn = "0002-7863",
    shorttitle = "The {Helical} {Alanine} {Controversy}",
    url = "https://doi.org/10.1021/ja047265o",
    doi = "10.1021/ja047265o",
    number = "42",
    urldate = "2024-12-20",
    journal = "Journal of the American Chemical Society",
    month = "October",
    year = "2004",
    pages = "13679--13684"
}

@article{ramirez-alvarado_elongation_2001,
    author = "Ramírez-Alvarado, Marina and Blanco, Francisco J. and Serrano, Luis",
    title = "Elongation of the BH8 β-hairpin peptide: Electrostatic interactions in β-hairpin formation and stability",
    volume = "10",
    copyright = "Copyright © 2001 The Protein Society",
    issn = "0961-8368",
    shorttitle = "Elongation of the {BH8} β-hairpin peptide",
    url = "https://doi.org/10.1110/ps.52901",
    doi = "10.1110/ps.52901",
    language = "en",
    number = "7",
    urldate = "2024-12-20",
    journal = "Protein Science",
    year = "2001",
    keywords = "NMR, peptides, protein folding, secondary structure, β-hairpin",
    pages = "1381--1392"
}

@article{blanco_short_1994,
    author = "Blanco, Francisco J. and Rivas, Germán and Serrano, Luis",
    title = "A short linear peptide that folds into a native stable β-hairpin in aqueous solution",
    volume = "1",
    copyright = "1994 Springer Nature America, Inc.",
    issn = "1545-9993",
    url = "https://doi.org/10.1038/nsb0994-584",
    doi = "10.1038/nsb0994-584",
    language = "en",
    number = "9",
    urldate = "2024-12-20",
    journal = "Nature Structural \& Molecular Biology",
    month = "September",
    year = "1994",
    keywords = "Biochemistry, Biological Microscopy, general, Life Sciences, Membrane Biology, Protein Structure",
    pages = "584--590"
}

@article{ramirez-alvarado_novo_1996,
    author = "Ramírez-Alvarado, Marina and Blanco, Francisco J. and Serrano, Luis",
    title = "De novo design and structural analysis of a model β-hairpin peptide system",
    volume = "3",
    copyright = "1996 Springer Nature America, Inc.",
    issn = "1072-8368",
    url = "https://doi.org/10.1038/nsb0796-604",
    doi = "10.1038/nsb0796-604",
    language = "en",
    number = "7",
    urldate = "2024-12-20",
    journal = "Nature Structural Biology",
    month = "July",
    year = "1996",
    keywords = "Biochemistry, Biological Microscopy, general, Life Sciences, Membrane Biology, Protein Structure",
    pages = "604--612"
}

@article{de_alba_turn_1997,
    author = "de Alba, Eva and Jiménez, M. Angeles and Rico, Manuel",
    title = "Turn Residue Sequence Determines β-Hairpin Conformation in Designed Peptides",
    volume = "119",
    issn = "0002-7863",
    url = "https://doi.org/10.1021/ja962325e",
    doi = "10.1021/ja962325e",
    number = "1",
    urldate = "2024-12-20",
    journal = "Journal of the American Chemical Society",
    month = "January",
    year = "1997",
    pages = "175--183"
}

@article{cochran_tryptophan_2001,
    author = "Cochran, Andrea G. and Skelton, Nicholas J. and Starovasnik, Melissa A.",
    title = "Tryptophan zippers: Stable, monomeric β-hairpins",
    volume = "98",
    shorttitle = "Tryptophan zippers",
    url = "https://doi.org/10.1073/pnas.091100898",
    doi = "10.1073/pnas.091100898",
    number = "10",
    urldate = "2024-12-20",
    journal = "Proceedings of the National Academy of Sciences",
    month = "May",
    year = "2001",
    pages = "5578--5583",
    issn = "0027-8424"
}

@article{maynard_origin_1998,
    author = "Maynard, Allister J. and Sharman, Gary J. and Searle, Mark S.",
    title = "Origin of β-Hairpin Stability in Solution:  Structural and Thermodynamic Analysis of the Folding of a Model Peptide Supports Hydrophobic Stabilization in Water",
    volume = "120",
    issn = "0002-7863",
    shorttitle = "Origin of β-{Hairpin} {Stability} in {Solution}",
    url = "https://doi.org/10.1021/ja9726769",
    doi = "10.1021/ja9726769",
    number = "9",
    urldate = "2024-12-20",
    journal = "Journal of the American Chemical Society",
    month = "March",
    year = "1998",
    pages = "1996--2007"
}

@article{stanger_rules_1998,
    author = "Stanger, Heather E. and Gellman, Samuel H.",
    title = "Rules for Antiparallel β-Sheet Design: D-Pro-Gly Is Superior to L-Asn-Gly for β-Hairpin Nucleation",
    volume = "120",
    issn = "0002-7863",
    shorttitle = "Rules for {Antiparallel} β-{Sheet} {Design}",
    url = "https://doi.org/10.1021/ja973704q",
    doi = "10.1021/ja973704q",
    number = "17",
    urldate = "2024-12-20",
    journal = "Journal of the American Chemical Society",
    month = "May",
    year = "1998",
    pages = "4236--4237"
}

@article{espinosa_autonomously_2005,
    author = "Espinosa, Juan F. and Syud, Faisal A. and Gellman, Samuel H.",
    title = "An autonomously folding β-hairpin derived from the human YAP65 WW domain: Attempts to define a minimum ligand-binding motif",
    volume = "80",
    copyright = "Copyright © 2005 Wiley Periodicals, Inc.",
    issn = "0006-3525",
    shorttitle = "An autonomously folding β-hairpin derived from the human {YAP65} {WW} domain",
    url = "https://doi.org/10.1002/bip.20205",
    doi = "10.1002/bip.20205",
    language = "en",
    number = "2-3",
    urldate = "2024-12-20",
    journal = "Peptide Science",
    year = "2005",
    keywords = "human YAP65 WW domain, ligand-binding motif, β-hairpin",
    pages = "303--311"
}

@article{andersen_minimization_2006,
    author = "Andersen, Niels H. and Olsen, Katherine A. and Fesinmeyer, R. Matthew and Tan, Xu and Hudson, F. Michael and Eidenschink, Lisa A. and Farazi, Shabnam R.",
    title = "Minimization and Optimization of Designed β-Hairpin Folds",
    volume = "128",
    issn = "0002-7863",
    url = "https://doi.org/10.1021/ja054971w",
    doi = "10.1021/ja054971w",
    number = "18",
    urldate = "2024-12-20",
    journal = "Journal of the American Chemical Society",
    month = "May",
    year = "2006",
    pages = "6101--6110"
}

@article{fesinmeyer_enhanced_2004,
    author = "Fesinmeyer, R. Matthew and Hudson, F. Michael and Andersen, Niels H.",
    title = "Enhanced Hairpin Stability through Loop Design:  The Case of the Protein G B1 Domain Hairpin",
    volume = "126",
    issn = "0002-7863",
    shorttitle = "Enhanced {Hairpin} {Stability} through {Loop} {Design}",
    url = "https://doi.org/10.1021/ja0379520",
    doi = "10.1021/ja0379520",
    number = "23",
    urldate = "2024-12-20",
    journal = "Journal of the American Chemical Society",
    month = "June",
    year = "2004",
    pages = "7238--7243"
}

@article{honda_crystal_2008,
    author = "Honda, Shinya and Akiba, Toshihiko and Kato, Yusuke S. and Sawada, Yoshito and Sekijima, Masakazu and Ishimura, Miyuki and Ooishi, Ayako and Watanabe, Hideki and Odahara, Takayuki and Harata, Kazuaki",
    title = "Crystal Structure of a Ten-Amino Acid Protein",
    volume = "130",
    issn = "0002-7863",
    url = "https://doi.org/10.1021/ja8030533",
    doi = "10.1021/ja8030533",
    number = "46",
    urldate = "2024-12-20",
    journal = "Journal of the American Chemical Society",
    month = "November",
    year = "2008",
    pages = "15327--15331"
}

@article{pastor_combinatorial_2002,
    author = "Pastor, Maria Teresa and López de la Paz, Manuela and Lacroix, Emmanuel and Serrano, Luis and Pérez-Payá, Enrique",
    title = "Combinatorial approaches: A new tool to search for highly structured β-hairpin peptides",
    volume = "99",
    shorttitle = "Combinatorial approaches",
    url = "https://doi.org/10.1073/pnas.012583999",
    doi = "10.1073/pnas.012583999",
    number = "2",
    urldate = "2024-12-20",
    journal = "Proceedings of the National Academy of Sciences",
    month = "January",
    year = "2002",
    pages = "614--619",
    issn = "0027-8424"
}

@article{peintner_pushing_2022,
    author = "Peintner, Stefan and Erdélyi, Máté",
    title = "Pushing the Limits of Characterising a Weak Halogen Bond in Solution",
    volume = "28",
    copyright = "© 2021 The Authors. Chemistry - A European Journal published by Wiley-VCH GmbH",
    issn = "0947-6539",
    url = "https://doi.org/10.1002/chem.202103559",
    doi = "10.1002/chem.202103559",
    language = "en",
    number = "5",
    urldate = "2024-12-20",
    journal = "Chemistry – A European Journal",
    year = "2022",
    keywords = "conformation, ensemble analysis, halogen bond, NAMFIS, NMR spectroscopy, RDC",
    pages = "e202103559"
}

@article{russell_stability_2003,
    author = "Russell, Stephen J. and Blandl, Tamas and Skelton, Nicholas J. and Cochran, Andrea G.",
    title = "Stability of Cyclic β-Hairpins:  Asymmetric Contributions from Side Chains of a Hydrogen-Bonded Cross-Strand Residue Pair",
    volume = "125",
    issn = "0002-7863",
    shorttitle = "Stability of {Cyclic} β-{Hairpins}",
    url = "https://doi.org/10.1021/ja028075l",
    doi = "10.1021/ja028075l",
    number = "2",
    urldate = "2024-12-20",
    journal = "Journal of the American Chemical Society",
    month = "January",
    year = "2003",
    pages = "388--395"
}

@article{skelton_hairpin_2003,
    author = "Skelton, Nicholas J. and Blandl, Tamas and Russell, Stephen J. and Starovasnik, Melissa A. and Cochran, Andrea G.",
    title = "β‒hairpin polypeptides by design and selection",
    volume = "17",
    copyright = "Copyright © 2003 Hindawi Publishing Corporation.",
    issn = "2314-4920",
    url = "https://doi.org/10.1155/2003/148024",
    doi = "10.1155/2003/148024",
    language = "en",
    number = "2-3",
    urldate = "2024-12-20",
    journal = "Journal of Spectroscopy",
    year = "2003",
    pages = "213--230"
}

@article{anderson_nascent_2016,
    author = "Anderson, Jordan M. and Jurban, Brice and Huggins, Kelly N. L. and Shcherbakov, Alexander A. and Shu, Irene and Kier, Brandon and Andersen, Niels H.",
    title = "Nascent Hairpins in Proteins: Identifying Turn Loci and Quantitating Turn Contributions to Hairpin Stability",
    volume = "55",
    issn = "0006-2960",
    shorttitle = "Nascent {Hairpins} in {Proteins}",
    url = "https://doi.org/10.1021/acs.biochem.6b00732",
    doi = "10.1021/acs.biochem.6b00732",
    number = "39",
    urldate = "2024-12-20",
    journal = "Biochemistry",
    month = "October",
    year = "2016",
    pages = "5537--5553"
}

@incollection{jimenez_design_2014,
    author = "Jiménez, M. Angeles",
    editor = "Köhler, Valentin",
    address = "New York, NY",
    title = "Design of {Monomeric} {Water}-{Soluble} β-{Hairpin} and β-{Sheet} {Peptides}",
    isbn = "978-1-4939-1486-9",
    url = "https://doi.org/10.1007/978-1-4939-1486-9\_2",
    language = "en",
    urldate = "2024-12-20",
    booktitle = "Protein {Design}: {Methods} and {Applications}",
    publisher = "Springer",
    year = "2014",
    doi = "10.1007/978-1-4939-1486-9\_2",
    keywords = "Antiparallel β-sheet, NMR, Peptide structure, Side chain/side chain interactions, Solubility, β-Hairpin, β-Sheet propensities, β-Turn prediction, β-Turn propensities",
    pages = "15--52"
}

@article{kier_stabilizing_2010,
    author = "Kier, Brandon L. and Shu, Irene and Eidenschink, Lisa A. and Andersen, Niels H.",
    title = "Stabilizing capping motif for β-hairpins and sheets",
    volume = "107",
    url = "https://doi.org/10.1073/pnas.0913534107",
    doi = "10.1073/pnas.0913534107",
    number = "23",
    urldate = "2024-12-20",
    journal = "Proceedings of the National Academy of Sciences",
    month = "June",
    year = "2010",
    pages = "10466--10471",
    issn = "0027-8424"
}

@article{morales_design_2019,
    author = "Morales, Paula and Jiménez, M. Angeles",
    title = "Design and structural characterisation of monomeric water-soluble α-helix and β-hairpin peptides: State-of-the-art",
    volume = "661",
    issn = "0003-9861",
    shorttitle = "Design and structural characterisation of monomeric water-soluble α-helix and β-hairpin peptides",
    url = "https://doi.org/10.1016/j.abb.2018.11.014",
    doi = "10.1016/j.abb.2018.11.014",
    urldate = "2024-12-20",
    journal = "Archives of Biochemistry and Biophysics",
    month = "January",
    year = "2019",
    keywords = "NMR, Peptide design, Peptide structure, α-helix, β-Hairpin",
    pages = "149--167"
}

@article{richaud_folding_2021,
    author = "Richaud, Alexis D. and Zhao, Guangkuan and Hobloss, Samir and Roche, Stéphane P.",
    title = "Folding in Place: Design of β-Strap Motifs to Stabilize the Folding of Hairpins with Long Loops",
    volume = "86",
    issn = "0022-3263",
    shorttitle = "Folding in {Place}",
    url = "https://doi.org/10.1021/acs.joc.1c01442",
    doi = "10.1021/acs.joc.1c01442",
    number = "19",
    urldate = "2024-12-20",
    journal = "The Journal of Organic Chemistry",
    month = "October",
    year = "2021",
    pages = "13535--13547"
}

@article{imperiali_uniquely_1999,
    author = "Imperiali, B. and Ottesen, J.j.",
    title = "Uniquely folded mini-protein motifs",
    volume = "54",
    issn = "1399-3011",
    url = "https://onlinelibrary.wiley.com/doi/abs/10.1034/j.1399-3011.1999.00121.x",
    doi = "10.1034/j.1399-3011.1999.00121.x",
    language = "en",
    number = "3",
    urldate = "2024-12-20",
    journal = "The Journal of Peptide Research",
    year = "1999",
    keywords = "BBA motif, Betanova, charybdotoxin, helix bundle, mini-protein motif, protein design",
    pages = "177--184"
}

@article{struthers_design_1996,
    author = "Struthers, Mary D. and Cheng, Richard P. and Imperiali, Barbara",
    title = "Design of a Monomeric 23-Residue Polypeptide with Defined Tertiary Structure",
    volume = "271",
    url = "https://doi.org/10.1126/science.271.5247.342",
    doi = "10.1126/science.271.5247.342",
    number = "5247",
    urldate = "2024-12-20",
    journal = "Science",
    month = "January",
    year = "1996",
    pages = "342--345",
    issn = "0036-8075"
}

@article{struthers_design_1998,
    author = "Struthers, Mary and Ottesen, Jennifer J and Imperiali, Barbara",
    title = "Design and NMR analyses of compact, independently folded BBA motifs",
    volume = "3",
    issn = "1359-0278",
    url = "https://doi.org/10.1016/s1359-0278(98)00015-7",
    doi = "10.1016/s1359-0278(98)00015-7",
    number = "2",
    urldate = "2024-12-20",
    journal = "Folding and Design",
    month = "April",
    year = "1998",
    keywords = "BBA peptide, folded motif, protein design, protein miniaturization",
    pages = "95--103"
}

@article{mcknight_nmr_1997,
    author = "McKnight, C. James and Matsudaira, Paul T. and Kim, Peter S.",
    title = "NMR structure of the 35-residue villin headpiece subdomain",
    volume = "4",
    copyright = "1997 Springer Nature America, Inc.",
    issn = "1072-8368",
    url = "https://doi.org/10.1038/nsb0397-180",
    doi = "10.1038/nsb0397-180",
    language = "en",
    number = "3",
    urldate = "2024-12-20",
    journal = "Nature Structural Biology",
    month = "March",
    year = "1997",
    keywords = "Biochemistry, Biological Microscopy, general, Life Sciences, Membrane Biology, Protein Structure",
    pages = "180--184"
}

@article{vermeulen_solution_2004,
    author = "Vermeulen, Wim and Vanhaesebrouck, Peter and Van Troys, Marleen and Verschueren, Mieke and Fant, Franky and Goethals, Marc and Ampe, Christophe and Martins, José C. and Borremans, Frans A.M.",
    title = "Solution structures of the C-terminal headpiece subdomains of human villin and advillin, evaluation of headpiece F-actin-binding requirements",
    volume = "13",
    copyright = "Copyright © 2004 The Protein Society",
    issn = "0961-8368",
    url = "https://doi.org/10.1110/ps.03518104",
    doi = "10.1110/ps.03518104",
    language = "en",
    number = "5",
    urldate = "2024-12-20",
    journal = "Protein Science",
    year = "2004",
    keywords = "2, 2-dimethyl-2-sila 3, 3, 4, 5, 5-hexadeutero-pentane sulphonic acid, actin-binding protein, advillin, C-terminal headpiece subdomain, CD, chicken villin C-terminal headpiece subdomain, chicken villin headpiece without N-terminal linker, cHP, circular dichroism, CVcHP, CVHP67, dithiothreitol, double quantum filtered correlation spectroscopy, DQF-COSY, DSS-d6, DTT, E.COSY, exclusive correlation spectroscopy, HAcHP, headpiece, headpiece subdomain, HP, human advillin C-terminal headpiece subdomain, human villin C-terminal headpiece subdomain, HVcHP, NMR solution structure, NOE, NOESY, nuclear Overhauser effect, nuclear Overhauser effect spectroscopy, r.m.s.d., rEM, restrained energy minimization, restrained molecular dynamics, rMD, root-mean-square deviation, time proportional phase incrementation, TOCSY, total correlation spectroscopy, TPPI, tris-(hydroxymethyl)aminomethanehydrochloride, TrisHCL, villin",
    pages = "1276--1287"
}

@article{cornilescu_solution_2007,
    author = "Cornilescu, Gabriel and Hadley, Erik B. and Woll, Matthew G. and Markley, John L. and Gellman, Samuel H. and Cornilescu, Claudia C.",
    title = "Solution structure of a small protein containing a fluorinated side chain in the core",
    volume = "16",
    copyright = "Copyright © 2007 The Protein Society",
    issn = "0961-8368",
    url = "https://doi.org/10.1110/ps.062557707",
    doi = "10.1110/ps.062557707",
    language = "en",
    number = "1",
    urldate = "2024-12-20",
    journal = "Protein Science",
    year = "2007",
    keywords = "1H/19F and 19F/1H heteronuclear NOE, backbone thioester exchange, NMR, pentafluorophenylalanine, villin headpiece",
    pages = "14--19"
}

@article{gronwald_evolutionary_2008,
    author = "Gronwald, Wolfram and Hohm, Tim and Hoffmann, Daniel",
    title = "Evolutionary Pareto-optimization of stably folding peptides",
    volume = "9",
    issn = "1471-2105",
    url = "https://doi.org/10.1186/1471-2105-9-109",
    doi = "10.1186/1471-2105-9-109",
    number = "1",
    urldate = "2024-12-20",
    journal = "BMC Bioinformatics",
    month = "February",
    year = "2008",
    keywords = "Epitope Loop, Native Cluster, Root Mean Square Deviation, Sequence Space, Stable Peptide",
    pages = "109"
}

@article{ozenne2012mapping,
    author = "Ozenne, Valéry and Schneider, Robert and Yao, Mingxi and Huang, Jie-rong and Salmon, Loïc and Zweckstetter, Markus and Jensen, Malene Ringkjøbing and Blackledge, Martin",
    title = "Mapping the Potential Energy Landscape of Intrinsically Disordered Proteins at Amino Acid Resolution",
    journal = "Journal of the American Chemical Society",
    volume = "134",
    number = "36",
    pages = "15138--15148",
    year = "2012",
    publisher = "ACS Publications",
    url = "https://doi.org/10.1021/ja306905s",
    doi = "10.1021/ja306905s",
    issn = "0002-7863"
}

@article{tomlinson2009characterization,
    author = "Tomlinson, Jennifer H. and Ullah, Saif and Hansen, Poul Erik and Williamson, Mike P.",
    title = "Characterization of Salt Bridges to Lysines in the Protein G B1 Domain",
    journal = "Journal of the American Chemical Society",
    volume = "131",
    number = "13",
    pages = "4674--4684",
    year = "2009",
    publisher = "ACS Publications",
    url = "https://doi.org/10.1021/ja808223p",
    doi = "10.1021/ja808223p",
    issn = "0002-7863"
}

@article{lindorff2012systematic,
    author = "Lindorff-Larsen, Kresten and Maragakis, Paul and Piana, Stefano and Eastwood, Michael P. and Dror, Ron O. and Shaw, David E.",
    title = "Systematic Validation of Protein Force Fields against Experimental Data",
    journal = "PLoS ONE",
    volume = "7",
    number = "2",
    pages = "e32131",
    year = "2012",
    publisher = "Public Library of Science San Francisco, USA",
    url = "https://doi.org/10.1371/journal.pone.0032131",
    doi = "10.1371/journal.pone.0032131",
    issn = "1932-6203"
}

@article{lakomek2008self,
    author = "Lakomek, Nils-Alexander and Walter, Korvin F. A. and Farès, Christophe and Lange, Oliver F. and de Groot, Bert L. and Grubmüller, Helmut and Brüschweiler, Rafael and Munk, Axel and Becker, Stefan and Meiler, Jens and Griesinger, Christian",
    title = "Self-consistent residual dipolar coupling based model-free analysis for the robust determination of nanosecond to microsecond protein dynamics",
    journal = "Journal of Biomolecular NMR",
    volume = "41",
    number = "3",
    pages = "139--155",
    year = "2008",
    publisher = "Springer",
    url = "https://doi.org/10.1007/s10858-008-9244-4",
    doi = "10.1007/s10858-008-9244-4",
    issn = "0925-2738"
}

@article{louhivuori2006conformational,
    author = "Louhivuori, Martti and Otten, Renee and Lindorff-Larsen, Kresten and Annila, Arto",
    title = "Conformational Fluctuations Affect Protein Alignment in Dilute Liquid Crystal Media",
    journal = "Journal of the American Chemical Society",
    volume = "128",
    number = "13",
    pages = "4371--4376",
    year = "2006",
    publisher = "ACS Publications",
    url = "https://doi.org/10.1021/ja0576334",
    doi = "10.1021/ja0576334",
    issn = "0002-7863"
}

@article{salvatella2008influence,
    author = "Salvatella, X and Richter, B and Vendruscolo, M",
    title = "Influence of the fluctuations of the alignment tensor on the analysis of the structure and dynamics of proteins using residual dipolar couplings",
    journal = "Journal of Biomolecular NMR",
    volume = "40",
    pages = "71--81",
    year = "2008",
    publisher = "Springer",
    url = "https://doi.org/10.1007/s10858-007-9210-6",
    doi = "10.1007/s10858-007-9210-6",
    issn = "0925-2738"
}

@article{lindorff2005simultaneous,
    author = "Lindorff-Larsen, Kresten and Best, Robert B and DePristo, Mark A and Dobson, Christopher M and Vendruscolo, Michele",
    title = "Simultaneous determination of protein structure and dynamics",
    journal = "Nature",
    volume = "433",
    number = "7022",
    pages = "128--132",
    year = "2005",
    publisher = "Nature Publishing Group UK London",
    url = "https://doi.org/10.1038/nature03199",
    doi = "10.1038/nature03199",
    issn = "1476-4687",
}

@article{showalter2007quantitative,
    author = "Showalter, Scott A. and Brüschweiler, Rafael",
    title = "Quantitative Molecular Ensemble Interpretation of NMR Dipolar Couplings without Restraints",
    journal = "Journal of the American Chemical Society",
    volume = "129",
    number = "14",
    pages = "4158--4159",
    year = "2007",
    publisher = "ACS Publications",
    url = "https://doi.org/10.1021/ja070658d",
    doi = "10.1021/ja070658d",
    issn = "0002-7863"
}

@article{marsh2008calculation,
    author = "Marsh, Joseph A. and Baker, Jennifer M. R. and Tollinger, Martin and Forman-Kay, Julie D.",
    title = "Calculation of Residual Dipolar Couplings from Disordered State Ensembles Using Local Alignment",
    journal = "Journal of the American Chemical Society",
    volume = "130",
    number = "25",
    pages = "7804--7805",
    year = "2008",
    publisher = "ACS Publications",
    url = "https://doi.org/10.1021/ja802220c",
    doi = "10.1021/ja802220c",
    issn = "0002-7863"
}

@article{bax2001dipolar,
    author = "Bax, Ad and Kontaxis, Georg and Tjandra, Nico",
    title = "Dipolar Couplings in Macromolecular Structure Determination",
    journal = "Methods in Enzymology",
    volume = "339",
    pages = "127--174",
    year = "2001",
    publisher = "Elsevier",
    url = "https://doi.org/10.1016/s0076-6879(01)39313-8",
    doi = "10.1016/s0076-6879(01)39313-8",
    issn = "0076-6879"
}

@article{bax2003weak,
    author = "Bax, Ad",
    title = "Weak alignment offers new NMR opportunities to study protein structure and dynamics",
    journal = "Protein Science",
    volume = "12",
    number = "1",
    pages = "1--16",
    year = "2003",
    publisher = "Wiley Online Library",
    url = "https://doi.org/10.1110/ps.0233303",
    doi = "10.1110/ps.0233303",
    issn = "0961-8368"
}

@article{lange2010scrutinizing,
    author = "Lange, Oliver F. and van der Spoel, David and de Groot, Bert L.",
    title = "Scrutinizing Molecular Mechanics Force Fields on the Submicrosecond Timescale with NMR Data",
    journal = "Biophysical Journal",
    volume = "99",
    number = "2",
    pages = "647--655",
    year = "2010",
    publisher = "Elsevier",
    url = "https://doi.org/10.1016/j.bpj.2010.04.062",
    doi = "10.1016/j.bpj.2010.04.062",
    issn = "0006-3495"
}

@article{chiliveri2021advances,
    author = "Chiliveri, Sai Chaitanya and Robertson, Angus J. and Shen, Yang and Torchia, Dennis A. and Bax, Ad",
    title = "Advances in NMR Spectroscopy of Weakly Aligned Biomolecular Systems",
    journal = "Chemical Reviews",
    volume = "122",
    number = "10",
    pages = "9307--9330",
    year = "2022",
    publisher = "ACS Publications",
    url = "https://doi.org/10.1021/acs.chemrev.1c00730",
    doi = "10.1021/acs.chemrev.1c00730",
    issn = "0009-2665"
}

@article{halle1981interpretation,
    author = "Halle, Bertil and Wennerström, Håkan",
    title = "Interpretation of magnetic resonance data from water nuclei in heterogeneous systems",
    journal = "The Journal of Chemical Physics",
    volume = "75",
    number = "4",
    pages = "1928--1943",
    year = "1981",
    publisher = "AIP Publishing",
    url = "https://doi.org/10.1063/1.442218",
    doi = "10.1063/1.442218",
    issn = "0021-9606"
}

@article{lindorff2012structure,
    author = "Lindorff-Larsen, Kresten and Trbovic, Nikola and Maragakis, Paul and Piana, Stefano and Shaw, David E.",
    title = "Structure and Dynamics of an Unfolded Protein Examined by Molecular Dynamics Simulation",
    journal = "Journal of the American Chemical Society",
    volume = "134",
    number = "8",
    pages = "3787--3791",
    year = "2012",
    publisher = "ACS Publications",
    url = "https://doi.org/10.1021/ja209931w",
    doi = "10.1021/ja209931w",
    issn = "0002-7863"
}

@article{clore2009theory,
    author = "Clore, G. Marius and Iwahara, Junji",
    title = "ChemInform Abstract: Theory, Practice, and Applications of Paramagnetic Relaxation Enhancement for the Characterization of Transient Low-Population States of Biological Macromolecules and Their Complexes",
    journal = "Chemical Reviews",
    volume = "109",
    number = "9",
    pages = "4108--4139",
    year = "2009",
    publisher = "ACS Publications",
    url = "https://doi.org/10.1021/cr900033p",
    doi = "10.1021/cr900033p",
    issn = "0009-2665"
}

@article{norgaard2008experimental,
    author = "Norgaard, Anders B. and Ferkinghoff-Borg, Jesper and Lindorff-Larsen, Kresten",
    title = "Experimental Parameterization of an Energy Function for the Simulation of Unfolded Proteins",
    journal = "Biophysical Journal",
    volume = "94",
    number = "1",
    pages = "182--192",
    year = "2008",
    publisher = "Elsevier",
    url = "https://doi.org/10.1529/biophysj.107.108241",
    doi = "10.1529/biophysj.107.108241",
    issn = "0006-3495"
}

@article{tesei2021accurate,
    author = "Tesei, Giulio and Schulze, Thea K. and Crehuet, Ramon and Lindorff-Larsen, Kresten",
    title = "Accurate model of liquid–liquid phase behavior of intrinsically disordered proteins from optimization of single-chain properties",
    journal = "Proceedings of the National Academy of Sciences",
    volume = "118",
    number = "44",
    pages = "e2111696118",
    year = "2021",
    publisher = "National Acad Sciences",
    url = "https://doi.org/10.1073/pnas.2111696118",
    doi = "10.1073/pnas.2111696118",
    issn = "0027-8424"
}

@article{sasmal2017effect,
    author = "Sasmal, Sukanya and Lincoff, James and Head-Gordon, Teresa",
    title = "Effect of a Paramagnetic Spin Label on the Intrinsically Disordered Peptide Ensemble of Amyloid-β",
    journal = "Biophysical Journal",
    volume = "113",
    number = "5",
    pages = "1002--1011",
    year = "2017",
    publisher = "Elsevier",
    url = "https://doi.org/10.1016/j.bpj.2017.06.067",
    doi = "10.1016/j.bpj.2017.06.067",
    issn = "0006-3495"
}

@article{xue2011motion,
    author = "Xue, Yi and Skrynnikov, Nikolai R.",
    title = "Motion of a Disordered Polypeptide Chain as Studied by Paramagnetic Relaxation Enhancements, 15N Relaxation, and Molecular Dynamics Simulations: How Fast Is Segmental Diffusion in Denatured Ubiquitin?",
    journal = "Journal of the American Chemical Society",
    volume = "133",
    number = "37",
    pages = "14614--14628",
    year = "2011",
    publisher = "ACS Publications",
    url = "https://doi.org/10.1021/ja201605c",
    doi = "10.1021/ja201605c",
    issn = "0002-7863"
}

@article{ptaszek_ucbshift_2024,
    author = "Ptaszek, Aleksandra L. and Li, Jie and Konrat, Robert and Platzer, Gerald and Head-Gordon, Teresa",
    title = "UCBShift 2.0: Bridging the Gap from Backbone to Side Chain Protein Chemical Shift Prediction for Protein Structures",
    volume = "146",
    issn = "0002-7863",
    shorttitle = "{UCBShift} 2.0",
    url = "https://doi.org/10.1021/jacs.4c10474",
    doi = "10.1021/jacs.4c10474",
    number = "46",
    urldate = "2025-03-01",
    journal = "Journal of the American Chemical Society",
    month = "November",
    year = "2024",
    pages = "31733--31745"
}

@article{yi_contribution_2024,
    author = "Yi, Xu and Fritzsching, Keith J. and Rogawski, Rivkah and Xu, Yunyao and McDermott, Ann E.",
    title = "Contribution of protein conformational heterogeneity to NMR lineshapes at cryogenic temperatures",
    volume = "121",
    url = "https://doi.org/10.1073/pnas.2301053120",
    doi = "10.1073/pnas.2301053120",
    number = "8",
    urldate = "2025-03-01",
    journal = "Proceedings of the National Academy of Sciences",
    month = "February",
    year = "2024",
    pages = "e2301053120",
    issn = "0027-8424"
}

@article{yi_predicted_2024,
    author = "Yi, Xu and Zhang, Lichirui and Friesner, Richard A. and McDermott, Ann",
    title = "Predicted and Experimental NMR Chemical Shifts at Variable Temperatures: The Effect of Protein Conformational Dynamics",
    volume = "15",
    shorttitle = "Predicted and {Experimental} {NMR} {Chemical} {Shifts} at {Variable} {Temperatures}",
    url = "https://doi.org/10.1021/acs.jpclett.3c02589",
    doi = "10.1021/acs.jpclett.3c02589",
    number = "8",
    urldate = "2025-03-01",
    journal = "The Journal of Physical Chemistry Letters",
    month = "February",
    year = "2024",
    pages = "2270--2278",
    issn = "1948-7185"
}

@article{smith_ab_1997,
    author = "Smith, G. D. and Blessing, R. H. and Ealick, S. E. and Fontecilla-Camps, J. C. and Hauptman, H. A. and Housset, D. and Langs, D. A. and Miller, R.",
    title = "Ab Initio Structure Determination and Refinement of a Scorpion Protein Toxin",
    volume = "53",
    issn = "0907-4449",
    url = "https://doi.org/10.1107/s0907444997005386",
    doi = "10.1107/s0907444997005386",
    language = "en",
    number = "5",
    urldate = "2025-03-01",
    journal = "Acta Crystallographica Section D Biological Crystallography",
    month = "September",
    year = "1997",
    pages = "551--557"
}

@article{ramanadham_refinement_1990,
    author = "Ramanadham, M. and Sieker, L. C. and Jensen, L. H.",
    title = "Refinement of triclinic lysozyme: II. The method of stereochemically restrained least squares",
    volume = "46",
    issn = "0108-7681",
    shorttitle = "Refinement of triclinic lysozyme",
    url = "https://doi.org/10.1107/s0108768189009195",
    doi = "10.1107/s0108768189009195",
    language = "en",
    number = "1",
    urldate = "2025-03-01",
    journal = "Acta Crystallographica Section B Structural Science",
    month = "February",
    year = "1990",
    pages = "63--69"
}

@article{walsh_refinement_1998,
    author = "Walsh, Martin A. and Schneider, Thomas R. and Sieker, Larry C. and Dauter, Zbigniew and Lamzin, Victor S. and Wilson, Keith S.",
    title = "Refinement of Triclinic Hen Egg-White Lysozyme at Atomic Resolution",
    volume = "54",
    issn = "0907-4449",
    url = "https://doi.org/10.1107/s0907444997013656",
    doi = "10.1107/s0907444997013656",
    language = "en",
    number = "4",
    urldate = "2025-03-01",
    journal = "Acta Crystallographica Section D Biological Crystallography",
    month = "July",
    year = "1998",
    pages = "522--546"
}

@article{wang_triclinic_2007,
    author = "Wang, Jiawei and Dauter, Miroslawa and Alkire, Randy and Joachimiak, Andrzej and Dauter, Zbigniew",
    title = "Triclinic lysozyme at 0.65 Å resolution",
    volume = "63",
    issn = "0907-4449",
    url = "https://doi.org/10.1107/s0907444907054224",
    doi = "10.1107/s0907444907054224",
    language = "en",
    number = "12",
    urldate = "2025-03-01",
    journal = "Acta Crystallographica Section D Biological Crystallography",
    month = "December",
    year = "2007",
    pages = "1254--1268"
}

@article{artymiuk_structures_1982,
    author = "Artymiuk, P. J. and Blake, C. C. F. and Rice, D. W. and Wilson, K. S.",
    title = "The structures of the monoclinic and orthorhombic forms of hen egg-white lysozyme at 6 Å resolution",
    volume = "38",
    issn = "0567-7408",
    url = "https://doi.org/10.1107/s0567740882004075",
    doi = "10.1107/s0567740882004075",
    language = "en",
    number = "3",
    urldate = "2025-03-01",
    journal = "Acta Crystallographica Section B Structural Crystallography and Crystal Chemistry",
    month = "March",
    year = "1982",
    pages = "778--783"
}

@article{flyvbjerg_error_1989,
    author = "Flyvbjerg, H. and Petersen, H. G.",
    title = "Error estimates on averages of correlated data",
    volume = "91",
    issn = "0021-9606",
    url = "https://doi.org/10.1063/1.457480",
    doi = "10.1063/1.457480",
    number = "1",
    urldate = "2025-03-10",
    journal = "The Journal of Chemical Physics",
    month = "July",
    year = "1989",
    pages = "461--466"
}

@article{cornilescu_validation_1998,
    author = "Cornilescu, Gabriel and Marquardt, John L. and Ottiger, Marcel and Bax, Ad",
    title = "Validation of Protein Structure from Anisotropic Carbonyl Chemical Shifts in a Dilute Liquid Crystalline Phase",
    volume = "120",
    issn = "0002-7863",
    url = "https://doi.org/10.1021/ja9812610",
    doi = "10.1021/ja9812610",
    number = "27",
    urldate = "2025-03-18",
    journal = "Journal of the American Chemical Society",
    month = "June",
    year = "1998",
    pages = "6836--6837"
}

@article{trigo-mourino_structural_2011,
    author = "Trigo-Mouriño, Pablo and Navarro-Vázquez, Armando and Ying, Jinfa and Gil, Roberto R. and Bax, Ad",
    title = "Structural Discrimination in Small Molecules by Accurate Measurement of Long-Range Proton–Carbon NMR Residual Dipolar Couplings",
    volume = "50",
    copyright = "Copyright © 2011 WILEY-VCH Verlag GmbH \\& Co. KGaA, Weinheim",
    issn = "1433-7851",
    url = "https://doi.org/10.1002/anie.201101739",
    doi = "10.1002/anie.201101739",
    number = "33",
    urldate = "2025-03-18",
    journal = "Angewandte Chemie International Edition",
    year = "2011",
    keywords = "configuration determination, J couplings, NMR spectroscopy, residual dipolar couplings, structure elucidation",
    pages = "7576--7580"
}

@article{tjandra_direct_1997,
    author = "Tjandra, Nico and Bax, Ad",
    title = "Direct Measurement of Distances and Angles in Biomolecules by NMR in a Dilute Liquid Crystalline Medium",
    volume = "278",
    url = "https://doi.org/10.1126/science.278.5340.1111",
    doi = "10.1126/science.278.5340.1111",
    number = "5340",
    urldate = "2025-03-18",
    journal = "Science",
    month = "November",
    year = "1997",
    pages = "1111--1114",
    issn = "0036-8075"
}

@article{ahn_three-dimensional_2006,
    author = "Ahn, Hee-Chul and Juranić, Nenad and Macura, Slobodan and Markley, John L.",
    title = "Three-Dimensional Structure of the Water-Insoluble Protein Crambin in Dodecylphosphocholine Micelles and Its Minimal Solvent-Exposed Surface",
    volume = "128",
    issn = "0002-7863",
    url = "https://doi.org/10.1021/ja057773d",
    doi = "10.1021/ja057773d",
    number = "13",
    urldate = "2025-03-20",
    journal = "Journal of the American Chemical Society",
    month = "April",
    year = "2006",
    pages = "4398--4404"
}

@article{kossiakoff_direct_1981,
    author = "Kossiakoff, Anthony A. and Spencer, Steven A.",
    title = "Direct determination of the protonation states of aspartic acid-102 and histidine-57 in the tetrahedral intermediate of the serine proteases: neutron structure of trypsin",
    volume = "20",
    issn = "0006-2960",
    shorttitle = "Direct determination of the protonation states of aspartic acid-102 and histidine-57 in the tetrahedral intermediate of the serine proteases",
    url = "https://doi.org/10.1021/bi00525a027",
    doi = "10.1021/bi00525a027",
    number = "22",
    urldate = "2025-03-21",
    journal = "Biochemistry",
    month = "October",
    year = "1981",
    pages = "6462--6474"
}

@article{kossiakoff_neutron_1980,
    author = "Kossiakoff, A. A. and Spencer, S. A.",
    title = "Neutron diffraction identifies His 57 as the catalytic base in trypsin",
    volume = "288",
    copyright = "1980 Springer Nature Limited",
    issn = "0028-0836",
    url = "https://doi.org/10.1038/288414a0",
    doi = "10.1038/288414a0",
    language = "en",
    number = "5789",
    urldate = "2025-03-21",
    journal = "Nature",
    month = "November",
    year = "1980",
    keywords = "Humanities and Social Sciences, multidisciplinary, Science",
    pages = "414--416"
}

@article{shi2002d,
    author = "Shi, Zhengshuang and Olson, C. Anders and Kallenbach, Neville R. and Sosnick, Tobin R.",
    title = "D/H Amide Isotope Effect in Model α-Helical Peptides",
    journal = "Journal of the American Chemical Society",
    volume = "124",
    number = "47",
    pages = "13994--13995",
    year = "2002",
    publisher = "ACS Publications",
    url = "https://doi.org/10.1021/ja027740n",
    doi = "10.1021/ja027740n",
    issn = "0002-7863"
}
